=LDR  01743    a2200289   4500
=001  10450
=008  211117m19671969\\\|||||\||||\00|\0\dut\d
=041  \\$adut
=100  \\$aAndreae, Johann Valentin$d1586-1654$1http://www.wikidata.org/entity/Q60854$4aut$99123
=245  \\$aDe alchemische bruiloft van Christiaan Rozenkruis:$bEsoterische analyse van de Chymische Hochzeit Christiani Rosencreutz anno 1498 - A.D. 1616
=260  \\$aHaarlem$bRozekruis-Pers$c1967
=300  \\$a2 vols. (384+386 pages)
=490  \\$aDe geheimen der Rozenkruisers Broederschap$vIII
=534  \\$aOriginally published in 1616
=561  \\$aEx libris Laura Dobbenga
=600  \0$aAndreae, Johann Valentin$d1586-1654$1http://www.wikidata.org/entity/Q841173$99123
=648  \0$a17th Century (1601-1700)$1http://www.wikidata.org/entity/Q7016$920923
=650  \0$aRosicrucianism$1http://www.wikidata.org/entity/Q194267$922911
=650  \0$aHermeticism$1http://www.wikidata.org/entity/Q192933$94602
=650  \0$aEsotericism$1http://www.wikidata.org/entity/Q131505$925902
=651  \0$1http://www.wikidata.org/entity/Q183$aGermany$9155
=700  \\$aRijckenborgh, Jan van$d1896-1968$1http://www.wikidata.org/entity/Special:EntityPage/Q1464110$4trl$4cmm$913556
=765  \\$aChymische Hochzeit Christiani Rosencreutz anno 1459 - A.D. 1616
=942  \\$cBOO
=952  \\$00$10$2ddc$3vol. 1$40$6PHI_ROSE_B_RIJC$70$8PHI$910437$aORPH$bORPH$cKM12_3_2$d2020-07-08$eKoopman$i43E09_01$l1$oPHI ROSE b RIJC$p20127149$r2023-12-04 00:00:00$s2023-11-15$w2021-01-12$yBOO
=952  \\$00$10$2ddc$3vol. 2$40$6PHI_ROSE_B_RIJC$70$8PHI$910438$aORPH$bORPH$cKM12_3_2$d2020-07-08$eKoopman$i43E09_02$l1$oPHI ROSE b RIJC$p20127148$r2023-12-11 00:00:00$s2023-11-15$w2021-01-12$yBOO
=999  \\$d10450

