=LDR  01585    a2200313   4500
=001  10452
=005  20250925143258.0
=008  211117s1966\\\\\\\|||||\||||\00|\0\dut\d
=041  \\$adut$hger
=100  \\$aAndreae, Johann Valentin$d1586-1654$1http://www.wikidata.org/entity/Q60854$1http://www.wikidata.org/entity/Q841173$4att$99123
=245  \\$aDe roep der Rozenkruisers Broederschap$b(Esoterische analyse van de Fama Fraternitatis A. D. 1614)
=250  \\$a2nd rev. ed.
=260  \\$aHaarlem$bRozekruis-Pers$c1966
=300  \\$a434 pages
=490  \\$aDe geheimen der Rozenkruisers Broederschap$vI
=534  \\$aOriginally published in 1939
=561  \\$aEx libris Laura Dobbenga
=648  \0$a17th Century (1601-1700)$1http://www.wikidata.org/entity/Q7016$920923
=648  \0$a20th Century (1901-2000)$1http://www.wikidata.org/entity/Q6927$920936
=650  \0$aRosicrucianism$1http://www.wikidata.org/entity/Q194267$922911
=650  \0$aHermeticism$1http://www.wikidata.org/entity/Q192933$94602
=650  \0$aEsotericism$1http://www.wikidata.org/entity/Q131505$925902
=651  \0$aGermany$1http://www.wikidata.org/entity/Q183$9155
=651  \0$aNetherlands$1http://www.wikidata.org/entity/Q55$9173
=700  \\$aRijckenborgh, Jan van$d1896-1968$1http://www.wikidata.org/entity/Special:EntityPage/Q1464110$4trl$4cmm$913556
=765  \\$aFama Fraternitatis
=942  \\$cBOO
=952  \\$00$10$2ddc$40$6PHI_ROSE_B_RIJC$70$8PHI$910439$aORPH$bORPH$cKM12_3_2$d2020-07-08$eKoopman$i43E10$l1$oPHI ROSE b RIJC$p20127147$r2023-12-04 00:00:00$s2023-11-15$w2021-01-12$yBOO
=999  \\$d10452

