=LDR  00974aam a2200205   4500
=001  10454
=005  20251003090116.0
=008  220920|\\\\\\\\nl\cf|||\||||\00|\0\dut\d
=041  \\$adut
=100  \\$aRijnders, J. D. J.$4edt$913558
=245  \\$aOrgelelfsteden.$bAlkmaar, Breda, Bolsward, Culemborg, Groningen, Leiden, Maastricht, Meppel, Middelburg, Utrecht, Zwolle
=260  \\$c1975$aUtrecht$bStichting Nederlandse Bachvereniging
=300  \\$a62 pages
=650  \0$aOrgan$1http://www.wikidata.org/entity/Q1444$92810
=650  \0$aOrganology$1http://www.wikidata.org/entity/Q899293$921400
=651  \0$aNetherlands$1http://www.wikidata.org/entity/Q55$9173
=710  \\$4edt$aNederlandse Bachvereniging (Netherlands)$1http://www.wikidata.org/entity/Q1180197$91774
=942  \\$cBOO
=952  \\$00$10$2ddc$40$6INS_3_000000000000000_1A_NL$70$8INS$910441$aORPH$bORPH$cKTS0$d2020-07-08$eKoopman$i24G36$l0$oINS3.1a NL$p20125793$r2021-01-12 00:00:00$w2021-01-12$yBOO$OKoopman
=999  \\$d10454

