=LDR  01893cam a2200349 i 4500
=001  10455
=005  20251103124736.0
=008  150320s2015\\\\gw\g\\\\\b\\\\000\0\eng\d
=020  \\$a9783899482232
=028  50$aCV24.070$bCarus Verlag
=040  \\$aOI
=041  \\$aeng
=100  \\$aRilling, Helmuth$4aut$913559
=245  10$aMessiah:$bUnderstanding and Performing Handel's Masterpiece
=260  \\$aStuttgart$bCarus$c2015
=300  \\$a128 pages$bmusic$c27 cm
=500  \\$aContains music examples from the edition by Ton Koopman and Jan Siemons
=504  \\$aIncludes bibliographical references (pages 127-128).
=520  \\$aIn collaboration with Kathy Saltzman Romey. The great choral conductor Rilling breaks down Handel's masterwork number by number, detailing his thoughts about performing and conducting the music. With a foreword by H. Royce Saltzman, preface, introduction, and appendix. Music examples.
=590  \\$aHelmuth Rilling ; in collaboration with Kathy Saltzman Romey.
=600  \0$aHandel, George Frideric$d1685-1759$1http://www.wikidata.org/entity/Q7302$94765
=600  \0$aJennens, Charles$d1700-1773$1http://www.wikidata.org/entity/Q1065074$910767
=648  \0$a18th Century (1701-1800)$1http://www.wikidata.org/entity/Q7015$920899
=650  \0$aMessiah$1http://www.wikidata.org/entity/Q207732$939316
=650  \0$aMusical interpretation$1http://www.wikidata.org/entity/Q1668139$94533
=650  \0$aPerformance$1http://www.wikidata.org/entity/Q6942562$926223
=650  \0$aOratorio$1http://www.wikidata.org/entity/Q85477$91825
=651  \0$aDublin (Ireland)$1http://www.wikidata.org/entity/Q1761$927101
=700  \\$aRomey, Kathy Saltzman$913560$4aut
=942  \\$cBOO
=952  \\$00$10$2ddc$40$6BIO_HAND_E$70$8BIO$910442$aORPH$bORPH$cKTS1_P$d2020-07-08$eKoopman$i45A11$l0$oBIO HAND e$p20127438$r2021-01-12 00:00:00$w2021-01-12$yBOO$OKoopman
=999  \\$d10455

