=LDR  01340aam a2200265   4500
=001  10456
=008  220804r19661872||||||||\||||\001\0\eng\d
=041  \\$aeng
=100  \\$aRimbault, Edward Francis$d1816-1876$4aut$1http://www.wikidata.org/entity/Q2565796$98164
=245  \\$aThe old cheque-book or book of remembrance of the Chapel Royal from 1561 to 1744
=260  \\$aNew York$bDa Capo$c1966
=300  \\$axi-[4]-xix-[2]-250 pages
=490  \\$aDa Capo Press Music Titles
=610  \0$aChapel Royal (London, United Kingdom)$1http://www.wikidata.org/entity/Q1062692$923180
=648  \0$a16th Century (1501-1600)$1http://www.wikidata.org/entity/Q7017$920944
=648  \0$a17th Century (1601-1700)$1http://www.wikidata.org/entity/Q7016$920923
=648  \0$a18th Century (1701-1800)$1http://www.wikidata.org/entity/Q7015$920899
=650  \0$aCappella$1http://www.wikidata.org/entity/Q19902156$922910
=650  \0$aCourt$922191
=650  \0$aEconomy$1http://www.wikidata.org/entity/Q159810$921625
=651  \0$aLondon (United Kingdom)$1http://www.wikidata.org/entity/Q84$9123
=700  \\$4edt$aWienandt, Elwyn A.$915506
=942  \\$cBOO
=952  \\$00$10$2ddc$40$6TOP_GB_LON_4_000000000000000$70$8RAR$910443$aORPH$bORPH$cKTS0$d2020-07-08$eKoopman$i19D09$l0$oTOP GB.LON 4$p20127864$r2021-01-12 00:00:00$w2021-01-12$yBOO$OKoopman
=999  \\$d10456

