=LDR  01127aam a2200241   4500
=001  10459
=005  20251003085458.0
=008  211027s1972\\\\gw\f||||\||||\00|\0\ger\d
=041  \\$ager
=100  \\$aRindlisbacher, Otto$4aut$913564
=245  \\$aDas Klavier in der Schweiz.$bKlavichord, Spinett, Cembalo, Pianoforte. Geschichte des Schweizerischen Klavierbaus 1700-1900
=260  \\$aBern$aMunich$bFrancke$c1972
=300  \\$a267 pages
=561  \\$aEx Libris Ton Koopman
=648  \0$a18th Century (1701-1800)$1http://www.wikidata.org/entity/Q7015$920899
=648  \0$a19th Century (1801-1900)$1http://www.wikidata.org/entity/Q6955$920935
=648  \0$a20th Century (1901-2000)$1http://www.wikidata.org/entity/Q6927$920936
=650  \0$aKeyboard instrument$1http://www.wikidata.org/entity/Q52954$92849
=650  \0$aCatalogue$1http://www.wikidata.org/entity/Q2352616$921484
=651  \0$aSwitzerland$1http://www.wikidata.org/entity/Q39$920954
=942  \\$cBOO
=952  \\$00$10$2ddc$40$6INS_3A_CH$70$8INS$910446$aORPH$bORPH$cKTS0$d2020-07-08$eKoopman$i19A08$oINS3a CH$p20125169$r2021-01-12 00:00:00$w2021-01-12$yBOO
=999  \\$d10459

