=LDR  01279nam a2200289   4500
=001  10461
=005  20251003085458.0
=008  740612s1974\\\\-usof\\\\c\\\\001\0\eng\\
=041  \\$aeng
=100  \\$aRipin, Edwin M.$4aut$913565
=245  14$aThe instrument catalogs of Leopoldo Franciolini,$cby Edwin M. Ripin.
=260  \\$aHackensack, N.J.,$bJ. Boonin$c[1974]
=300  \\$axix-201 pages
=490  \\$aMusic indexes and bibliographies,$vno. 9
=500  \\$aFacsimile of the original catalogue
=561  \\$aEx Libris Ton Koopman
=600  \0$aFranciolini, Leopoldo$d1844-1920$913566
=648  \0$a18th Century (1701-1800)$1http://www.wikidata.org/entity/Q7015$920899
=648  \0$a19th Century (1801-1900)$1http://www.wikidata.org/entity/Q6955$920935
=650  \0$aCatalogue$1http://www.wikidata.org/entity/Q2352616$921484
=650  \0$aCollecting$1http://www.wikidata.org/entity/Q208165$92117
=650  \0$aKeyboard instrument$1http://www.wikidata.org/entity/Q52954$92849
=651  \0$aItaly$1http://www.wikidata.org/entity/Q38$922
=700  \\$aFranciolini, Leopoldo$d1844-1920$4asn$913566
=942  \\$cBOO
=952  \\$00$10$2ddc$40$6INS_1B$70$8INS$910448$aORPH$bORPH$cKTS0$d2020-07-08$eKoopman$i19E07$oINS1b$p20127826$r2021-01-12 00:00:00$w2021-01-12$yBOO
=999  \\$d10461

