=LDR  00411    a2200121   4500
=001  10463
=020  \\$a0835710742
=100  \\$aRivera, Benito V.$d1936-$914722
=245  \\$aGerman Music Theory in the Early
=260  \\$c1980
=942  \\$cBOO
=952  \\$00$10$2ddc$40$6BIO_LIPP_E$70$8BIO$910450$aORPH$bORPH$cKTS1_P$d2020-07-08$eKoopman$i22E15$oBIO LIPP e$p20128897$r2021-01-12 00:00:00$w2021-01-12$yBOO$OKoopman
=999  \\$c10463$d10463

