=LDR  02562cam a2200277   4500
=001  10464
=005  20250121142126.0
=008  701214s1970\\\\enkcfg\\\b\\\\011\0\eng\\
=015  \\$aB70-21888
=020  \\$a004780016X
=040  \\$aOI
=041  \\$aeng
=100  \\$4dte$aGeiringer, Karl$d1899-1989$1http://www.wikidata.org/entity/Q214848$913569
=245  00$aStudies in Eighteenth-Century Music:$bA Tribute to Karl Geiringer on his Seventieth Birthday
=260  \\$aLondon$bAllen & Unwin$c1970
=300  \\$a3-425 pages, plate$bmusic, portrait$c25 cm
=504  \\$a"A selected bibliography of the works of Karl Geiringer in honour of his seventieth birthday, compiled by Martin A. Silver": p. [407]-419.
=520  \\$aMusicology--the scientific study of music--is particularly relevant to the brilliant range of music composed in Europe within the eighteenth century. This collection of essays is both imaginative in scope and authoritative in scholarship. The works of such famous composers as Joseph Haydn, Handel, J. S. Bach and C. P. E. Bach are discussed in detail, as are the achievements of other composers of that area--Leonardo Leo, Johann Mattheson, Piccinni, Clementi and so on. The studies are dedicated to Karl Geiringer on the occasion of his seventieth birthday. Dr. Geiringer is a distinguished music scholar of Haydn and many other composers, and there is an exhaustive and selected bibliography of his works at the end of the book. Edited by Roger E. Chapman and H. C. Robbins Landon the book includes essays by Gerald Abraham, Robert Donington, Putnam Aldrich and William G. Waite, as well as many other leading American and European musicologists. It will be of immense value to all who wish to increase their knowledge of music and so heighten the appreciation of what they hear. Consistently exploratory and never repetitive in style or subject matter these essays are also of wide biographical, sociological and historical interest.
=590  \\$aedited by H. C. Robbins Landon in collaboration with Roger E. Chapman
=648  \0$a18th Century (1701-1800)$1http://www.wikidata.org/entity/Q7015$920899
=650  \0$aMusic history$1http://www.wikidata.org/entity/Q846047$921373
=700  \\$aLandon, H. C. Robbins$d1926-2009$4edt$1http://www.wikidata.org/entity/Q526080$913570
=700  \\$aChapman, Roger Eddington$d1916-1989$913571$4edt
=942  \\$cBOO
=952  \\$00$10$2ddc$40$6GHM_5_000000000000000$70$8GHM$910451$aORPH$bORPH$cKM12_1$d2020-07-08$eKoopman$i30E09$l0$oGHM5$p20123359$r2021-01-12 00:00:00$w2021-01-12$yBOO
=999  \\$d10464

