=LDR  01138aam a2200241   4500
=001  10465
=008  250627s1988\\\\|||f||||\||||\00|\0bdut\d
=020  \\$a9024646014
=041  \\$adut$heng
=100  \\$aLandon, H. C. Robbins$d1926-2009$1http://www.wikidata.org/entity/Q526080$913570$4aut
=245  \\$a1791, Mozarts laatste jaar
=260  \\$aBaarn$bBosch & Keuning$c1988
=600  \0$aMozart, Wolfgang Amadeus$d1756-1791$1http://www.wikidata.org/entity/Q254$95341
=648  \0$a18th Century (1701-1800)$1http://www.wikidata.org/entity/Q7015$920899
=650  \0$aBiography$1http://www.wikidata.org/entity/Q36279$91927
=650  \0$aComposer$1http://www.wikidata.org/entity/Q36834$93625
=650  \0$aZauberflöte$1http://www.wikidata.org/entity/Q5064$940279
=650  \0$aRequiem$1http://www.wikidata.org/entity/Q51616$92858
=651  \0$aVienna (Austria)$1http://www.wikidata.org/entity/Q1741$920937
=700  \\$aMijn, Jet van der$4trl$940465
=942  \\$cBOO
=952  \\$00$10$2ddc$40$6BIO_MOZA1_E$70$8BIO$910452$aORPH$bORPH$cKTS1_P$d2020-07-08$eKoopman$i31C21$l0$oBIO MOZA1 e$p20123249$r2021-01-12 00:00:00$w2021-01-12$yBOO
=999  \\$d10465

