=LDR  02706aam a2200301   4500
=001  10468
=008  241025r20162009|||gdh||\b|||\001\0\eng\d
=041  \\$aeng
=100  \\$aRobertson, Michael$913574$4aut
=245  \\$aThe Courtly Consort Suite in German-Speaking Europe, 1650-1706
=260  \\$aLondon$aNew York$bRoutledge$c2009
=500  \\$aRobertson studied the organ with Robert Munns before going on to the Royal College of Music. After graduating, he also studied with the distinguished Dutch harpsichordist, Gustav Leonhardt. In addition to harpsichord recitals at venues around the country including the Wigmore Hall, where he made his debut in 1976, he has played at all the South Bank concert halls in London as well as the Barbican centre and St. John’s Smith Square. He has played the organ at cathedrals and abbey churches both in this country and mainland Europe. In 2004 at Leeds University, he gained a PhD following his study of German seventeenth-century consort suites. From the doctoral thesis came two books; The Courtly Consort Suite in German-Speaking Europe, 1650-1706 was published in 2009, followed in 2016 by Consort Suites and Dance Music by Town Musicians in German-Speaking Europe, 1648-1700. 
=520  \\$aMusic and Dance at the German Courts -- National Style and the Transmission of Dance Music -- Defining the Suite -- Manuscript Sources of the Courtly Suite before 1682 -- Printed Editions by Court Composers before 1682 -- The German Lullists -- Unifying French and Italian Styles -- Vienna, the Imperial Court -- Conclusion and Case Studies
=648  \0$a17th Century (1601-1700)$1http://www.wikidata.org/entity/Q7016$920923
=648  \0$a18th Century (1701-1800)$1http://www.wikidata.org/entity/Q7015$920899
=650  \0$aSuite$1http://www.wikidata.org/entity/Q203005$921718
=650  \0$aMusic history$1http://www.wikidata.org/entity/Q846047$921373
=650  \0$aCourt$1http://www.wikidata.org/entity/Q1134237$922191
=650  \0$aNational Style$1http://www.wikidata.org/entity/Q9347553$927707
=650  \0$aDance$1http://www.wikidata.org/entity/Q11639$1http://www.wikidata.org/entity/Q316930$924845
=650  \0$aHistory of dance$1http://www.wikidata.org/entity/Q27730$939407
=650  \0$aBallet$1http://www.wikidata.org/entity/Q41425$94412
=650  \0$aChamber music$1http://www.wikidata.org/entity/Q189201$92105
=651  \0$aGermany$1http://www.wikidata.org/entity/Q183$9155
=651  \0$aAustria$1http://www.wikidata.org/entity/Q40$9202
=942  \\$cBOO
=952  \\$00$10$2ddc$40$6TOP_DE_5_000000000000000$70$8TOP$910455$aORPH$bORPH$cKTS0$d2020-07-08$eKoopman$i47F08$l0$oTOP DE 5$p20123799$r2021-01-12 00:00:00$w2021-01-12$yBOO$OKoopman
=999  \\$d10468

