=LDR  02303nam a2200361 a 4500
=001  10470
=005  20251003085458.0
=008  910208s1989\\\\sp\g\\\\\bk\\s001\0\spa\|
=041  \\$aspa
=100  \\$aTejerizo Robles, Germán$913578$4aut
=245  10$aVillancicos barrocos en la Capilla Real de Granada :$b500 letrillas cantadas la noche de Navidad (1673 a 1830)
=260  \\$aSevilla$bJunta de Andalucía, Consejería de Cultura$c1989
=300  \\$a2 vols. (358+495 pages)
=504  \\$aIncludes bibliographical references, discography (v. 2, p. 465-478) and index.
=590  \\$aVol. 1 Aspectos literarios e historicos. Antologia de Letrillas - Vol.2 Aspectos musiclaes
=610  \0$aCapilla Real de Granada (Spain)$1http://www.wikidata.org/entity/Q429192$925580
=648  \0$a17th Century (1601-1700)$1http://www.wikidata.org/entity/Q7016$920923
=648  \0$a18th Century (1701-1800)$1http://www.wikidata.org/entity/Q7015$920899
=648  \0$a19th Century (1801-1900)$1http://www.wikidata.org/entity/Q6955$920935
=650  \0$aVillancico$1http://www.wikidata.org/entity/Q1232283$92371
=650  \0$aChristmas$1http://www.wikidata.org/entity/Q19809$92122
=650  \0$aChoral music$1http://www.wikidata.org/entity/Q1076513$94368
=650  \0$aChurch music$vSources.$1http://www.wikidata.org/entity/Q8812109$92283
=650  \0$aMusic history$1http://www.wikidata.org/entity/Q846047$921373
=650  \0$aCappella$1http://www.wikidata.org/entity/Q19902156$922910
=650  \0$aPoetry$1http://www.wikidata.org/entity/Q482$93026
=650  \0$aCatalogue$1http://www.wikidata.org/entity/Q2352616$1http://www.wikidata.org/entity/Q6941730$921484
=650  \0$aLiterature$1http://www.wikidata.org/entity/Q8242$94439
=651  \0$aMadrid (Spain)$1http://www.wikidata.org/entity/Q2807$924677
=942  \\$cBOO
=952  \\$00$10$2ddc$3Vol. 1 Aspectos literarios e historicos. Antologia de Letrillas$40$6TOP_ES_GRA_5_000000000000000$70$8TOP$910457$aORPH$bORPH$cKTS0$d2020-07-08$eKoopman$i31B38$l0$oTOP ES.GRA 5$p20121091$r2021-01-12 00:00:00$w2021-01-12$yBOO$OKoopman
=952  \\$00$10$2ddc$3Vol.2 Aspectos musicales$40$6TOP_ES_GRA_5_000000000000000$70$8TOP$910458$aORPH$bORPH$cKTS0$d2020-07-08$eKoopman$i31B38$l0$oTOP ES.GRA 5$p20121090$r2021-01-12 00:00:00$w2021-01-12$yBOO$OKoopman
=999  \\$d10470

