=LDR  01883aam a2200301   4500
=001  10472
=008  250911r19691846|||a||||\||||\00|\0\eng\d
=041  \\$aeng
=100  \\$aRobson, William$d1785-1863$1http://www.wikidata.org/entity/Q18811396$913579$4aut
=245  \\$aThe Old Play-goer
=260  \\$c1969$aFontwell Sussex$bCentaur Press
=300  \\$axx-252 pages
=500  \\$aLetters, to the late Charles Kemble,  describing the British stage at the beginning of 19th century, the Kemble school of acting, and the Regency theatre in general. The book "reads as a spitited and reasoned defence of the nearly 300 year old system of patent theaters which has just been swept away." (cit. introduction)
=590  \\$aIntroduction by Robert Gittings
=600  \0$aSiddons, Sarah$d1755-1831$1http://www.wikidata.org/entity/Q234746$923064
=600  \0$aKemble, John Philip$c1757-1823$1http://www.wikidata.org/entity/Q1701422$941179
=600  \0$aKemble, Charles$c1775-1854$1http://www.wikidata.org/entity/Q725104$941180
=648  \0$a19th Century (1801-1900)$1http://www.wikidata.org/entity/Q6955$920935
=650  \0$aTheater history$1http://www.wikidata.org/entity/Q1061140$94607
=650  \0$aTheater criticism$1http://www.wikidata.org/entity/Q2416230$921632
=650  \0$aCorrespondence$1http://www.wikidata.org/entity/Q1784733$921392
=650  \0$aTheater$1http://www.wikidata.org/entity/Q24354$92225
=650  \0$aActor$1http://www.wikidata.org/entity/Q33999$93442
=650  \0$aActing$1http://www.wikidata.org/entity/Q222749$92807
=651  \0$aUnited Kingdom$1http://www.wikidata.org/entity/Q21$1http://www.wikidata.org/entity/Q145$9273
=942  \\$cBOO
=952  \\$00$10$2ddc$40$6TOP_GB_6_000000000000000$70$8TOP$910459$aORPH$bORPH$cKTS0$d2020-07-08$eKoopman$i19B43$l1$oTOP GB 6$p20125077$q2025-10-28$r2025-09-30 17:15:36$s2025-09-30$w2021-01-12$yBOO$OKoopman
=999  \\$d10472

