=LDR  00986cam a2200241 a 4500
=001  10473
=005  20251103104722.0
=008  830824s1984\\\\enkg\\\\\b\\\\001\0\eng\|
=041  \\$aeng
=100  \\$aRoche, Jerome$4aut$916820
=245  10$aNorth Italian Church Music in the Age of Monteverdi
=260  \\$aOxford$bClarendon$c1984
=300  \\$axii-177 pages$bmusic$c24 cm
=490  \\$aOxford Monographs on Music
=500  \\$aIncludes indexes.
=504  \\$aBibliography: p. [165]-168.
=648  \0$a17th Century (1601-1700)$1http://www.wikidata.org/entity/Q7016$920923
=650  \0$aChurch music$1http://www.wikidata.org/entity/Q8812109$92283
=650  \0$aCatholicism$1http://www.wikidata.org/entity/Q1841$921631
=651  \0$aItaly$1http://www.wikidata.org/entity/Q38$922
=942  \\$cBOO
=952  \\$00$10$2ddc$40$6TOP_IT_5_000000000000000$70$8TOP$910460$aORPH$bORPH$cKTS0$d2020-07-08$eKoopman$i20F15$l0$oTOP IT 5$p20128135$r2021-01-12 00:00:00$w2021-01-12$yBOO$OKoopman
=999  \\$d10473

