=LDR  01222cam a22002774a 4500
=001  10474
=005  20250120120157.0
=008  981013s1998\\\\gw\ag\\\\b\\\\101\0\ger\\
=020  \\$a3761814054
=040  \\$aOI
=041  0\$ager
=245  10$aClaudio Monteverdi und die Folgen.$bBericht über das internationale Symposium, Detmold 1993
=246  38$aMonteverdi und die Folgen
=260  \\$aKassel$aNew York$bBärenreiter$c1998
=300  \\$a497 pages$btables, music$c25 cm
=504  \\$aIncludes bibliographical references and indexes.
=600  \0$aMonteverdi, Claudio$d1567-1643$1http://www.wikidata.org/entity/Q53068$910794
=648  \0$a16th Century (1501-1600)$1http://www.wikidata.org/entity/Q7017$920944
=648  \0$a17th Century (1601-1700)$1http://www.wikidata.org/entity/Q7016$920923
=650  \0$aComposer$1http://www.wikidata.org/entity/Q36834$93625
=650  \0$aLegacy$1http://www.wikidata.org/entity/Q623282$922131
=700  \\$aSteinheuer, Joachim$4edt$913582
=700  \\$aLeopold, Silke$4edt$912377
=942  \\$cBOO
=952  \\$00$10$2ddc$40$6BIO_MONT2_E$70$8BIO$910461$aORPH$bORPH$cKTS1_P$d2020-07-08$eKoopman$i28E33$oBIO MONT2 e$p20121401$r2021-01-12 00:00:00$w2021-01-12$yBOO$OKoopman
=999  \\$d10474

