=LDR  00379    a2200121   4500
=001  10476
=020  \\$a9783868587364
=100  \\$aRödele, B.$913584
=245  \\$aTinnitus Tritonus
=260  \\$c2011
=942  \\$cBOO
=952  \\$00$10$2ddc$40$6LIT_RODE_A$70$8LIT$910463$aORPH$bORPH$cKM12_2_H$d2020-07-08$eKoopman$i43F15$oLIT RODE a$p20126466$r2021-01-12 00:00:00$w2021-01-12$yBOO
=999  \\$c10476$d10476

