=LDR  01029aam a2200229   4500
=001  10477
=008  220702s2008\\\\||||||||\||||\00|\0\eng\d
=041  \\$aeng
=245  \\$aThe Century of Bach and Mozart:$bPerspectives on Historiography, Composition, Theory & Performance
=260  \\$aCambridge, MA$bHarvard University Press$c2008
=300  \\$a428 pages
=490  \\$aIsham Library Papers$v7
=490  \\$aHarvard Publications in Music$v22
=590  \\$aThis conference is dedicated to Christoph Wolff
=648  \0$a18th Century (1701-1800)$1http://www.wikidata.org/entity/Q7015$920899
=650  \0$aMusic history$1http://www.wikidata.org/entity/Q846047$921373
=650  \0$aMusical analysis$1http://www.wikidata.org/entity/Q1544924$92775
=700  \\$4edt$aKelly, Thomas Forrest$919414
=700  \\$4edt$aGallagher, Sean$d-1965$915011
=942  \\$cBOO
=952  \\$00$10$2ddc$40$6GHM_5_000000000000000$70$8GHM$910464$aORPH$bORPH$cKM12_1$d2020-07-08$eKoopman$i37E26$oGHM5$p20120514$r2021-01-12 00:00:00$w2021-01-12$yBOO
=999  \\$d10477

