=LDR  00998aaa a2200193   4500
=001  10478
=005  20251003085458.0
=008  220702s2005\\\\||||||||\c|||\00|\0\eng\d
=041  \\$aeng
=100  \\$aRöder, M.$4edt$913585
=245  \\$aThe Century of Bach and Mozart:$bPerspectives on Historiography, Composition, Theory & Performance
=260  \\$aCambridge, MA$bHoughton Library$bEda Kuhn Loeb Music Library$c2005
=561  \\$aTwo copies, one of which has a handwritten dedication from Christoph Wolff to Ton Koopman and Tini Mathot, and another with an index by Koopman
=590  \\$aHarvard College Library Exhibitions on the Occasion of a Conference dedicated to Professor Christoph Wolff
=650  \0$aCatalogue$1http://www.wikidata.org/entity/Q2352616$921484
=700  \\$4edt$aAdams, S.$924481
=942  \\$cBOO
=952  \\$00$10$2ddc$3Catalog$40$6GHM_5_000000000000000$70$8GHM$910465$aORPH$bORPH$cKM12_1$d2020-07-08$eKoopman$i37E26$oGHM5$p20120513$r2021-01-12 00:00:00$w2021-01-12$yBOO
=999  \\$d10478

