=LDR  00828aam a2200205   4500
=001  10483
=008  211115s1976\\\\\\\oa|||\||||\00|\0\ger\d
=041  \\$ager
=100  \\$aRoegele, Otto B.$4aut$913591
=245  \\$aBruchsal wie es war:$bStadtgeschichte und Bilddokumentation
=250  \\$a3rd ed.
=260  \\$aKarlsruhe$bBraun$c1976
=300  \\$a215 pages
=650  \0$aHistory$1http://www.wikidata.org/entity/Q309$921403
=650  \0$aUrban design$1http://www.wikidata.org/entity/Q63100$939883
=650  \0$aArchitecture$1http://www.wikidata.org/entity/Q12271$93185
=651  \0$aBruchsal (Germany)$1http://www.wikidata.org/entity/Q7059$922816
=942  \\$cBOO
=952  \\$00$10$2ddc$40$6TOP_DE_BRU$70$8TOP$910470$aORPH$bORPH$cKTS0$d2020-07-08$eKoopman$i18A04$oTOP DE.BRU$p20127047$r2021-01-12 00:00:00$w2021-01-12$yBOO
=999  \\$d10483

