=LDR  01058aam a2200217   4500
=001  10485
=005  20250926134856.0
=008  220819s1986\\\\||||||||\||||\00|\0ddut\d
=041  \\$adut
=100  \\$aRoelofs, A. J.$4aut$913592
=245  \\$a"Und einen andern Grund Plan" voor "Die Kunst der Fuge" van Johann Sebastian Bach
=260  \\$aUtrecht$bUniversiteit Utrecht$c1986
=500  \\$aDoctoraalscriptie t.b.v. het Instituut voor Muziekwetenschap te Utrecht
=600  \0$aBach, Johann Sebastian$d1685-1750$1http://www.wikidata.org/entity/Q1339$94766
=648  \0$a18th Century (1701-1800)$1http://www.wikidata.org/entity/Q7015$920899
=650  \0$aKunst der Fuge$1http://www.wikidata.org/entity/Q465878$923640
=650  \0$aMusical analysis$1http://www.wikidata.org/entity/Q1544924$92775
=651  \0$aLeipzig (Germany)$1http://www.wikidata.org/entity/Q2079$945
=942  \\$cBOO
=952  \\$00$10$2ddc$40$6BIO_BACH1_E$70$8BIO$910472$aORPH$bORPH$cKTS1_P$d2020-07-08$eKoopman$i20A02$oBIO BACH1 e$p20128063$r2021-01-12 00:00:00$w2021-01-12$yBOO$OKoopman
=999  \\$d10485

