=LDR  01077nam a2200265 a 4500
=001  10489
=005  20250120120614.0
=008  950228s1994\\\\ne\a\\\\\b\\\\000\0\dut\\
=020  \\$a9065500189
=040  \\$aOI
=041  \\$adut
=100  \\$aTesselschade Visscher, Maria$d1594-1649$4aut$1http://www.wikidata.org/entity/Q456072$924769
=245  13$aDe gedichten van Tesselschade Roemers
=260  \\$aHilversum$bVerloren$c1994
=300  \\$a159 pages$billustrations$c24 cm
=504  \\$aIncludes bibliographical references (p. [155]-159).
=648  \0$a17th Century (1601-1700)$1http://www.wikidata.org/entity/Q7016$920923
=650  \0$aPoetry$1http://www.wikidata.org/entity/Q482$93026
=651  \0$aNetherlands$1http://www.wikidata.org/entity/Q55$9173
=700  \\$aSneller, A. Agnes$4edt$913596
=700  \\$aMarion, Olga van$4edt$913597
=700  \\$aMegen, Netty van$4ctb$913598
=942  \\$cBOO
=952  \\$00$10$2ddc$40$6LIT_TESS_A$70$8LIT$910476$aORPH$bORPH$cKM12_2_H$d2020-07-08$eKoopman$i44B23$oLIT TESS a$p20126690$r2021-01-12 00:00:00$w2021-01-12$yBOO
=999  \\$d10489

