=LDR  00958aam a2200217   4500
=001  10495
=008  250331s1957\\\\||||||||\||||\00|\0\fre\d
=041  \\$afro
=100  \\$aRoi, Huon le$dfl. 13th Century$1http://www.wikidata.org/entity/Q116486804$939994$4aut
=245  \\$aLe vair Palefroi,$bavec deux versions de La Male honte
=260  \\$aParis$bChampion$c1957
=490  \\$aClassiques français du moyen âge$v8
=561  \\$aEx libris Laura Dobbenga
=648  \0$aMiddle Ages (500-1400)$1http://www.wikidata.org/entity/Q12554$920964
=650  \0$aNovel$1http://www.wikidata.org/entity/Q8261$921629
=650  \0$aNobility$1http://www.wikidata.org/entity/Q134737$93602
=651  \0$aFrance$1http://www.wikidata.org/entity/Q142$9131
=700  \\$aLangfors, A.$4edt$939995
=942  \\$cBOO
=952  \\$00$10$2ddc$40$6LIT_ROI_A$70$8LIT$910482$aORPH$bORPH$cKM12_2_H$d2020-07-08$eKoopman$i43D23$oLIT ROI a$p20126509$r2021-01-12 00:00:00$w2021-01-12$yBOO
=999  \\$d10495

