=LDR  00353    a2200109   4500
=001  10497
=100  \\$aRoland Holst-Van de$913607
=245  \\$aVernieuwingen
=260  \\$c1929
=942  \\$cBOO
=952  \\$00$10$2ddc$40$6LIT_SCHA_A$70$8LIT$910484$aORPH$bORPH$cKM12_2_H$d2020-07-08$eKoopman$i40E06$oLIT SCHA a$p20120267$r2021-01-12 00:00:00$w2021-01-12$yBOO
=999  \\$c10497$d10497

