=LDR  00363    a2200109   4500
=001  10499
=100  \\$aRoland Holst-Van de$913607
=245  \\$aKinderen van dezen tijd
=260  \\$c1931
=942  \\$cBOO
=952  \\$00$10$2ddc$40$6LIT_SCHA_A$70$8LIT$910486$aORPH$bORPH$cKM12_2_H$d2020-07-08$eKoopman$i40E08$oLIT SCHA a$p20134025$r2021-01-12 00:00:00$w2021-01-12$yBOO
=999  \\$c10499$d10499

