=LDR  00772aam a2200193   4500
=001  10500
=005  20251021113603.0
=008  251021s1932\\\\|||afo||\||||\00|\0\ita\d
=041  \\$aita
=100  \\$aRolandi, Ugo$913608$4aut
=245  \\$aMusica e Musicisti in Malta :$bsaggio di ricerche e di appunti storici
=260  \\$c1932
=300  \\$aviii-130-[1] pages
=650  \0$aMusic history$1http://www.wikidata.org/entity/Q846047$921373
=650  \0$aMusician$1http://www.wikidata.org/entity/Q639669$93574
=651  \0$aMalta$1http://www.wikidata.org/entity/Q233$941629
=942  \\$cBOO
=952  \\$00$10$2ddc$40$6TOP_MT_5_000000000000000$70$8TOP$910487$aORPH$bORPH$cKTS0$d2020-07-08$eKoopman$i21D60$l0$oTOP MT 5$p20128244$r2021-01-12 00:00:00$w2021-01-12$yBOO$OKoopman
=999  \\$d10500

