=LDR  01569aam a2200289   4500
=001  10502
=008  220902s1923\\\\||||||||\||||\00|\0cger\d
=041  \\$ager$hfre
=100  \\$aRolland, Romain$d1866-1944$4aut$1http://www.wikidata.org/entity/Q47162$920674
=245  \\$aMusikalische Reise ins Land der Vergangenheit
=260  \\$aFrankfurt am Main$bRütten & Loening$c1923
=534  \\$aOriginally published in 1919, see KTS1 H
=600  \0$aPepys, Samuel$d1633-1703$1http://www.wikidata.org/entity/Q106143$913215
=600  \0$aKuhnau, Johann$d1660-1722$1http://www.wikidata.org/entity/Q157359$95086
=600  \0$aTelemann, Georg Philipp$d1681-1767$1http://www.wikidata.org/entity/Q75854$99287
=600  \0$aHandel, George Frideric$d1685-1759$1http://www.wikidata.org/entity/Q7302$94765
=600  \0$aMetastasio, Pietro$d1698-1782$1http://www.wikidata.org/entity/Q29473$96031
=648  \0$a17th Century (1601-1700)$1http://www.wikidata.org/entity/Q7016$920923
=648  \0$a18th Century (1701-1800)$1http://www.wikidata.org/entity/Q7015$920899
=650  \0$aMusic history$1http://www.wikidata.org/entity/Q846047$921373
=650  \0$aComposer$1http://www.wikidata.org/entity/Q36834$93625
=650  \0$aBiography$1http://www.wikidata.org/entity/Q36279$91927
=651  \0$aEurope$1http://www.wikidata.org/entity/Q46$991
=765  \\$aVoyage musical aux pays du passé
=942  \\$cBOO
=952  \\$00$10$2ddc$40$6GHM_5_000000000000000$70$8GHM$910489$aORPH$bORPH$cKM12_1$d2020-07-08$eKoopman$i30E11$l0$oGHM5$p20123357$r2021-01-12 00:00:00$w2021-01-12$yBOO
=999  \\$d10502

