=LDR  01513cam a2200325 a 4500
=001  10504
=005  20250926134856.0
=008  011221s2001\\\\gw\a\\\\\bm\\\001\0\ger\\
=010  \\$a  2002390712
=020  \\$a3895640751
=035  \\$a(OCoLC)ocm48663007
=040  \\$aOHX$cOHX$dDLC
=041  \\$ager
=100  \\$aRoller, Joachim$4aut$913611
=245  14$aDie Ausführung des Orgelcontinuo vornehmlich in den Rezitativen der geistlichen Kantaten und Passionen von Johann Sebastian Bach
=260  \\$a[Sinzig]$bStudio$c[2001]
=300  \\$a220 p. :$bill. ;$c24 cm.
=490  \\$aKirchenmusikalische Studien$v6
=502  \\$aThesis (doctoral)--Universität Bayreuth, 2000.
=504  \\$aIncludes bibliographical references (p. 215-220) and index.
=600  \0$aBach, Johann Sebastian$d1685-1750$1http://www.wikidata.org/entity/Q1339$94766
=648  \0$a18th Century (1701-1800)$1http://www.wikidata.org/entity/Q7015$920899
=650  \0$aVocal music$1http://www.wikidata.org/entity/Q685884$93319
=650  \0$aBasso continuo$1http://www.wikidata.org/entity/Q724321$921065
=650  \0$aRecitative$1http://www.wikidata.org/entity/Q202534$93699
=650  \0$aOrgan$1http://www.wikidata.org/entity/Q1444$92810
=650  \0$aHistorically informed performance$1http://www.wikidata.org/entity/Q1344860$920980
=942  \\$cBOO
=952  \\$00$10$2ddc$40$6BIO_BACH1_E$70$8BIO$910491$aORPH$bORPH$cKTS1_P$d2020-07-08$eKoopman$i30E28$l0$oBIO BACH1 e$p20123339$r2021-01-12 00:00:00$w2021-01-12$yBOO
=999  \\$c10504$d10504

