=LDR  01061aam a2200229   4500
=001  10509
=008  211110s2016\\\\be\fa|||\||||\00|\0\dut\d
=041  \\$adut
=100  \\$aRombouts, Luc$4aut$913614
=245  \\$aDe oorsprong van de beiaard:$bwortels, ontstaan en ontwikkeling tot 1530
=246  \1$aThe Origins of the Carrilon:$bRoots, Conception and Development until 1530
=260  \\$aUtrecht$c2016$bUniversiteit Utrecht
=300  \\$a437 pages
=500  \\$aDoctoral dissertation
=648  \0$aMiddle Ages (500-1400)$1http://www.wikidata.org/entity/Q12554$920964
=648  \0$aRenaissance (1400-1600)$1http://www.wikidata.org/entity/Q4692$920965
=650  \0$aOrganology$1http://www.wikidata.org/entity/Q899293$921400
=650  \0$aCarillon$1http://www.wikidata.org/entity/Q505174$94152
=650  \0$aOrganology$1http://www.wikidata.org/entity/Q899293$921400
=942  \\$cBOO
=952  \\$00$10$2ddc$40$6INS_10_000000000000000_3A$70$8INS$910496$aORPH$bORPH$cKTS0$d2020-07-08$eKoopman$i46G03$oINS10.3a$p20127013$r2021-01-12 00:00:00$w2021-01-12$yBOO
=999  \\$d10509

