=LDR  01107cam a22002771  4500
=001  10511
=005  20250120120910.0
=008  740918s1973\\\\ne\\\\\\\\\\\\000\0\dut\\
=020  \\$a9021420295
=040  \\$aOI
=041  \\$adut
=245  13$aDe lage landen bij de zee:$bEen geschiedenis van het Nederlandse volk
=250  \\$a5th rev. ed.
=260  \\$aAmsterdam$bQuerido$c1973
=300  \\$a751 pages$billustrations$c25 cm
=504  \\$aBibliography: p. 737-743.
=650  \0$aHistory$1http://www.wikidata.org/entity/Q309$921403
=651  \0$aNetherlands$1http://www.wikidata.org/entity/Q55$9173
=700  \\$aRomein, Jan$d1893-1962$4aut$1http://www.wikidata.org/entity/Q2379547$913615
=700  \\$aRomein-Verschoor, Annie$d1895-1978$4aut$1http://www.wikidata.org/entity/Q1897634$913616
=700  \\$aBouman, P. J.$4aut$925908
=700  \\$aNoordenbosch, O.$925909$4aut
=700  \\$aRoegholt, R.$925910$4aut
=942  \\$cBOO
=952  \\$00$10$2ddc$40$6TOP_NL$70$8TOP$910498$aORPH$bORPH$cKTS0$d2020-07-08$eKoopman$i40E04$l0$oTOP NL$p20120269$r2021-01-12 00:00:00$w2021-01-12$yBOO$OKoopman
=999  \\$d10511

