=LDR  01397aam a2200253   4500
=001  10513
=008  231201s1935\\\\||||||||\||||\00|\d\ger\d
=041  \\$ager$dger
=100  \\$aRommel, Otto$913618$4edt
=245  \\$aDie Maschinenkomödie
=260  \\$aLeipzig$bReclam$c1935
=490  \\$aDeutsche Literatur: Sammlung literarischer Kunst- und Kulturdenkmäler in Entwicklungsreihen. Reihe Barock: Barocktradition im österreichisch-bayrischen Volkstheater$v1
=648  \0$a18th Century (1701-1800)$1http://www.wikidata.org/entity/Q7015$920899
=650  \0$aComedy$1http://www.wikidata.org/entity/Q40831$921436
=650  \0$aGerman$1http://www.wikidata.org/entity/Q188$923675
=651  \0$aGermany$1http://www.wikidata.org/entity/Q183$9155
=651  \0$aAustria$1http://www.wikidata.org/entity/Q40$9202
=700  1\$aKurz, Johann Joseph Felix von$d1717-1784$cFreiherr$1http://www.wikidata.org/entity/Q15441252$4aut$926774
=700  \\$aHafner, Philipp$d1731-1764$1http://www.wikidata.org/entity/Q88138$4aut$926775
=700  \\$aPerinet, Joachim$d1763-1816$1http://www.wikidata.org/entity/Q1250334$4aut$926776
=700  \\$aSchikaneder, Emanuel$d1751-1812$1http://www.wikidata.org/entity/Q213547$4aut$95751
=942  \\$cBOO
=952  \\$00$10$2ddc$40$6LIT_ROMM_A$70$8LIT$910500$aORPH$bORPH$cKM12_2_H$d2020-07-08$eKoopman$i35D01$oLIT ROMM a$p20120722$r2021-01-12 00:00:00$w2021-01-12$yBOO
=999  \\$d10513

