=LDR  01662aam a2200289   4500
=001  10517
=005  20250920142414.0
=008  210917s1938\\\\\\\|||||\||||\00|\d\ger\d
=041  \\$ager
=100  \\$aRommel, Otto$4edt$913618
=245  \\$aBesserungsstücke
=260  \\$aLeipzig$bReclam$c1939
=300  \\$a2 vols.
=490  \\$aDeutsche Literatur: Sammlung literarischer Kunst- und Kulturdenkmäler in Entwicklungsreihen. Reihe Barock: Barocktradition im österreichisch-bayrischen Volkstheater$v4-5
=648  \0$a19th Century (1801-1900)$1http://www.wikidata.org/entity/Q6955$920935
=650  \0$aPlay (theater)$1http://www.wikidata.org/entity/Q25379$921414
=651  \0$aVienna (Austria)$1http://www.wikidata.org/entity/Q1741$920937
=700  \\$4aut$aMeisl, Karl$d1775-1853$1http://www.wikidata.org/entity/Q1308773$922226
=700  \\$4aut$aGleich, Joseph Alois$d1772-1841$1http://www.wikidata.org/entity/Q1704178$922227
=700  \\$4aut$aBäuerle, Adolf$d1786-1859$1http://www.wikidata.org/entity/Q361119$96344
=700  \\$4aut$aRaimund, Ferdinand$d1790-1836$1http://www.wikidata.org/entity/Q45025$922228
=700  \\$4aut$aNestroy, Johann$d1801-1862$1http://www.wikidata.org/entity/Q44862$922229
=700  \\$4aut$aGrillparzer, Franz$d1791-1872$1http://www.wikidata.org/entity/Q154438$922230
=942  \\$cBOO
=952  \\$00$10$2ddc$40$6LIT_ROMM_A$70$8LIT$910503$aORPH$bORPH$cKM12_2_H$d2020-07-08$eKoopman$i35D04$oLIT ROMM a$p20120719$r2021-01-12 00:00:00$w2021-01-12$yBOO
=952  \\$00$10$2ddc$40$6LIT_ROMM_A$70$8LIT$910504$aORPH$bORPH$cKM12_2_H$d2020-07-08$eKoopman$i35D05$oLIT ROMM a$p20120718$r2021-01-12 00:00:00$w2021-01-12$yBOO
=999  \\$d10517

