=LDR  00572aam a2200157   4500
=001  10518
=008  230822s1939\\\\||||||||\||||\00|\0\ger\d
=041  \\$ager
=100  \\$aRommel, Otto$913618$4aut
=245  \\$aDie romantisch-komischen Original-zauberspiele
=260  \\$c1939$aLeipzig$bReclam
=300  \\$a291 pages
=650  \0$1http://www.wikidata.org/entity/Q1061140$aTheater history$94607
=942  \\$cBOO
=952  \\$00$10$2ddc$40$6LIT_ROMM_A$70$8LIT$910505$aORPH$bORPH$cKM12_2_H$d2020-07-08$eKoopman$i35D11$oLIT ROMM a$p20120712$r2021-01-12 00:00:00$w2021-01-12$yBOO
=999  \\$d10518

