=LDR  01057nam a22002417i 4500
=001  10519
=003  OI
=005  20251003085458.0
=008  941025s1990\\\\ne\g|||||c\\\|||||\|dut|c
=040  \\$bOI
=041  \7$adut
=100  \\$avan Rompaey, Willy$4aut$913619
=245  00$aPieter van Maldere (1729-1768):$bThematische catalogus van de instrumentale werken met voorbeelden in partituurvorm
=260  \\$aAartselaar:$bvan Rompaey$c1990
=300  \\$a48 pages$c21 cm
=600  \0$aVan Maldere, Pierre$d1729-1768$1http://www.wikidata.org/entity/Q509130$921016
=648  \0$a18th Century (1701-1800)$1http://www.wikidata.org/entity/Q7015$920899
=650  \0$aInstrumental music$1http://www.wikidata.org/entity/Q639197$92106
=650  \0$aCatalogue$1http://www.wikidata.org/entity/Q2352616$921484
=651  \0$aBelgium$1http://www.wikidata.org/entity/Q31$920881
=942  \\$cBOO
=952  \\$00$10$2ddc$40$6BIO_VANM1_C$70$8BIO$910506$aORPH$bORPH$cKTS1_P$d2020-07-08$eKoopman$i23C23$oBIO VANM1 c$p20128568$r2021-01-12 00:00:00$w2021-01-12$yBOO$OKoopman
=999  \\$d10519

