=LDR  01004aam a2200205   4500
=001  10520
=008  250224s1957\\\\||||||||\||||\00|\0\ita\d
=041  \\$aita
=100  \\$aRoncaglia, Gino$d1883-1968$1http://www.wikidata.org/entity/Q3764717$913620$4aut
=245  \\$aLa Cappella Musicale del Duomo di Modena
=260  \\$aFlorence$bOlschki$c1957
=490  \\$aHistoriæ Musicæ Cultores Biblioteca$v5
=610  \0$aDuomo di Modena (Italy)$1http://www.wikidata.org/entity/Q753721$939767
=650  \0$aChurch$1http://www.wikidata.org/entity/Q16970$93776
=650  \0$aCappella$1http://www.wikidata.org/entity/Q19902156$922910
=650  \0$aChurch music$1http://www.wikidata.org/entity/Q8812109$1http://www.wikidata.org/entity/Q1065742$92283
=651  \0$aModena (Italy)$1http://www.wikidata.org/entity/Q279$926495
=942  \\$cBOO
=952  \\$00$10$2ddc$40$6TOP_IT_MOD$70$8TOP$910507$aORPH$bORPH$cKTS0$d2020-07-08$eKoopman$i23F18$l0$oTOP IT.MOD$p20128900$r2021-01-12 00:00:00$w2021-01-12$yBOO$OKoopman
=999  \\$d10520

