=LDR  00748aam a2200181   4500
=001  10521
=008  220617s1964\\\\||||||||\||||\00|\p\fre\d
=041  \\$afre
=100  \\$aRonsard, Pierre de$d1524-1585$4aut$1http://www.wikidata.org/entity/Q49752$913621
=245  \\$aLes Amours
=260  \\$aParis$bGallimard$c1964
=648  \0$a16th Century (1501-1600)$1http://www.wikidata.org/entity/Q7017$920944
=650  \0$aPoetry$1http://www.wikidata.org/entity/Q482$93026
=651  \0$aFrance$1http://www.wikidata.org/entity/Q142$9131
=700  \\$4edt$aSchmidt, A. M.$924424
=942  \\$cBOO
=952  \\$00$10$2ddc$40$6LIT_RONS_A$70$8LIT$910508$aORPH$bORPH$cKM12_2_H$d2020-07-08$eKoopman$i40D39$oLIT RONS a$p20122277$r2021-01-12 00:00:00$w2021-01-12$yBOO
=999  \\$d10521

