=LDR  00820aam a2200193   4500
=001  10522
=008  220617s1960\\\\||||||||\||||\00|\0afre\d
=041  \\$afre
=100  \\$aRonsard, Pierre de$d1524-1585$4aut$1http://www.wikidata.org/entity/Q49752$913621
=245  \\$aRonsard par lui-même
=260  \\$aParis$bSeuil$c1960
=490  \\$aÉcrivains de toujours
=648  \0$a16th Century (1501-1600)$1http://www.wikidata.org/entity/Q7017$920944
=650  \0$aPoet$1http://www.wikidata.org/entity/Q49757$92954
=650  \0$aBiography$1http://www.wikidata.org/entity/Q36279$91927
=651  \0$aFrance$1http://www.wikidata.org/entity/Q142$9131
=942  \\$cBOO
=952  \\$00$10$2ddc$40$6BIO_RONS_A$70$8BIO$910509$aORPH$bORPH$cKTS1_P$d2020-07-08$eKoopman$i40H28$oBIO RONS a$p20122193$r2021-01-12 00:00:00$w2021-01-12$yBOO
=999  \\$d10522

