=LDR  01053cam a2200241 i 4500
=001  10525
=005  20250120120319.0
=008  800605s1979\\\\ne\a\\\\\b\\\\100\0\dut\\
=015  \\$aBe***
=020  \\$a9064650152
=040  \\$aOI
=100  \\$aVondel, Joost van den$d1587-1679$1http://www.wikidata.org/entity/Q312673$95247
=245  10$aVondel bij gelegenheid 1679-1979 :$bhandelingen van het Vondelcolloquium, gehouden te Leuven op 2 maart 1979 /$cbezorgd door L. Roose en K. Porteman.
=260  \\$aMiddelburg :$bMerlijn,$c1979.
=300  \\$a134 p. :$bill. ;$c24 cm.
=504  \\$aIncludes bibliographical references.
=600  \0$aVondel, Joost van den$d1587-1679$1http://www.wikidata.org/entity/Q312673$95247
=700  \\$aRoose, Lode$913624
=700  \\$aPorteman, K.$913625
=942  \\$cBOO
=952  \\$00$10$2ddc$40$6BIO_VOND_E$70$8BIO$910512$aORPH$bORPH$cKTS1_P$d2020-07-08$eKoopman$i22D17$oBIO VOND e$p20128460$r2021-01-12 00:00:00$w2021-01-12$yBOO$OKoopman
=999  \\$c10525$d10525
=490  \\$aLeuvense studiën en tekstuitgaven ;$vnieuwe reeks, 1

