=LDR  01035aam a2200229   4500
=001  10526
=008  240516s1982\\\\||||||||\||||\00|\0bdut\d
=041  \\$adut
=100  \\$aRooy, H. C. M. van$4aut$913627
=245  \\$aFranz Joseph Haydn
=260  \\$aAmsterdam$c1982
=490  \\$aAC-reeks$v1908
=600  \0$aHaydn, Joseph$d1732-1809$1http://www.wikidata.org/entity/Q7349$94783
=648  \0$a18th Century (1701-1800)$1http://www.wikidata.org/entity/Q7015$920899
=650  \0$aComposer$1http://www.wikidata.org/entity/Q36834$93625
=650  \0$aBiography$1http://www.wikidata.org/entity/Q36279$91927
=651  \0$aEszterháza (Hungary)$1http://www.wikidata.org/entity/Q667208$923790
=651  \0$aVienna (Austria)$1http://www.wikidata.org/entity/Q1741$920937
=651  \0$aLondon (United Kingdom)$1http://www.wikidata.org/entity/Q84$9123
=942  \\$cBOO
=952  \\$00$10$2ddc$40$6BIO_HAYD1_F$70$8BIO$910513$aORPH$bORPH$cKTS1_P$d2020-07-08$eKoopman$i20D59$oBIO HAYD1 f$p20125347$r2021-01-12 00:00:00$w2021-01-12$yBOO$OKoopman
=999  \\$d10526

