=LDR  00893aam a2200217   4500
=001  10527
=005  20250926134856.0
=008  240516s1985\\\\||||||||\||||\00|\0bdut\d
=041  \\$adut
=100  \\$aRooy, H. C. M. van$4aut$913627
=245  \\$aJohann Sebastian Bach
=260  \\$aAmsterdam$c1985
=490  \\$aAC-reeks$v2062
=600  \0$aBach, Johann Sebastian$d1685-1750$1http://www.wikidata.org/entity/Q1339$94766
=648  \0$a18th Century (1701-1800)$1http://www.wikidata.org/entity/Q7015$920899
=650  \0$aComposer$1http://www.wikidata.org/entity/Q36834$93625
=650  \0$aBiography$1http://www.wikidata.org/entity/Q36279$91927
=651  \0$aGermany$1http://www.wikidata.org/entity/Q183$9155
=942  \\$cBOO
=952  \\$00$10$40$6BIO_BACH1_E$70$8BIO$910514$aORPH$bORPH$cKTS1_P$d2020-07-08$eKoopman$i20D60$oBIO BACH1 e$p20125345$r2021-01-12 00:00:00$w2021-01-12$yBOO$OKoopman
=999  \\$d10527

