=LDR  01235pam a2200265 a 4500
=001  10531
=005  20250226152130.0
=007  cr_|||||||||||
=008  900604s1991\\\\caua\\\\\b\\\s001\0\eng\\
=020  \\$a0520068084 (alk. paper)
=040  \\$aOI
=041  \\$aeng
=100  \\$aRosand, Ellen$d1940-$4aut$913631
=245  10$aOpera in Seventeenth-Century Venice:$bThe Creation of a Genre
=260  \\$aBerkeley, CA$bUniversity of California Press$c1991
=300  \\$axxii-684 pages$billustrations$c27 cm
=500  \\$a"A Centennial book"--P. [iii].
=504  \\$aIncludes bibliographical references (p. [447]-460) and index.
=530  \\$aA digital reproduction is available from E-Editions, a collaboration of the University of California Press and the California Digital Library's eScholarship program.
=648  \0$a17th Century (1601-1700)$1http://www.wikidata.org/entity/Q7016$920923
=650  \0$aOpera$1http://www.wikidata.org/entity/Q1344$92468
=651  \0$aVenice (Italy)$1http://www.wikidata.org/entity/Q641$91
=942  \\$cBOO
=952  \\$00$10$2ddc$40$6TOP_IT_VEN1_5_000000000000000$70$8TOP$910518$aORPH$bORPH$cKTS0$d2020-07-08$eKoopman$i38F21$oTOP IT.VEN1 5$p20122334$r2021-01-12 00:00:00$w2021-01-12$yBOO
=999  \\$d10531

