=LDR  00904    a2200205   4500
=001  10533
=005  20251103124736.0
=008  230913s1991\\\\-usa||||\||||\00|\0\eng\d
=041  \\$aeng
=100  \\$aRosenblum, Sandra P.$913634$4aut
=245  \\$aPerformance Practices in Classic Piano Music.$bTheir Principles and Applications
=260  \\$c1991$aBloomington$bIndiana University Press
=300  \\$a516 pages
=650  \0$1http://www.wikidata.org/entity/Q5994$aPiano$92127
=650  \0$1http://www.wikidata.org/entity/Q1668139$aMusical interpretation$94533
=650  \0$1http://www.wikidata.org/entity/Q372923$aArticulation$922209
=650  \0$1http://www.wikidata.org/entity/Q233861$aNotation$91964
=942  \\$cBOO
=952  \\$00$10$2ddc$40$6INS_3_000000000000000_3A$70$8INS$910520$aORPH$bORPH$cKTS0$d2020-07-08$eKoopman$i46D29$l0$oINS3.3a$p20127678$r2021-01-12 00:00:00$w2021-01-12$yBOO$OKoopman
=999  \\$d10533

