=LDR  01176aam a2200241   4500
=001  10535
=008  250604s2003\\\\|||am|||\b|||\001\0\dut\d
=020  \\$a9789077503065
=041  \\$adut
=100  \\$aRosendaal, Joost$d1963-$1http://www.wikidata.org/entity/Q108861999$923471
=245  \\$aBataven! Nederlandse vluchtelingen in Frankrijk 1787-1795
=260  \\$c2003$aNijmegen$bVantilt
=300  \\$a735 pages$eCD
=648  \0$a18th Century (1701-1800)$1http://www.wikidata.org/entity/Q7015$920899
=650  \0$aFrench Revolution (1789-1799)$1http://www.wikidata.org/entity/Q6534$925608
=650  \0$aHistory$1http://www.wikidata.org/entity/Q309$921403
=650  \0$aPolitics$1http://www.wikidata.org/entity/Q7163$921826
=650  \0$aHuman migration$1http://www.wikidata.org/entity/Q177626$940311
=651  \0$aFrance$1http://www.wikidata.org/entity/Q142$9131
=651  \0$aNetherlands$1http://www.wikidata.org/entity/Q55$1http://www.wikidata.org/entity/Q29999$9173
=942  \\$cBOO
=952  \\$00$10$2ddc$40$6TOP_FR_5_000000000000000$70$8TOP$910522$aORPH$bORPH$cKTS0$d2020-07-08$eKoopman$i37D01$l0$oTOP FR 5$p20120557$r2021-01-12 00:00:00$w2021-01-12$yBOO$OKoopman
=999  \\$d10535

