=LDR  00896aam a2200193   4500
=001  10536
=008  240513s2001\\\\||||||||\||||\00|\0\ger\d
=041  \\$ager
=100  \\$aRosenlöcher, T.$913636$4aut
=245  \\$aJohann Gottlieb Naumann - Komponist in vorromantischer Zeit
=260  \\$aDresden$bDresdner Geschichtsverein$c2001
=490  \\$aDresdner Hefte - Beiträge zur Kulturgeschichte$v66
=600  \0$aNaumann, Johann Gottlieb$d1741-1801$1http://www.wikidata.org/entity/Q213927$96177
=648  \0$a18th Century (1701-1800)$1http://www.wikidata.org/entity/Q7015$920899
=650  \0$aComposer$1http://www.wikidata.org/entity/Q36834$93625
=651  \0$aSweden$1http://www.wikidata.org/entity/Q34$9275
=942  \\$cBOO
=952  \\$00$10$2ddc$40$6BIO_NAUM_F$70$8BIO$910523$aORPH$bORPH$cKTS1_P$d2020-07-08$eKoopman$i28B10$oBIO NAUM f$p20130339$r2021-01-12 00:00:00$w2021-01-12$yBOO$OKoopman
=999  \\$d10536

