=LDR  00821cam a22002054a 4500
=001  10539
=005  20251010154057.0
=008  000426s2000\\\\enka\\\\\b\\\\001\0\eng\\
=020  \\$a0950698938
=041  0\$aeng
=100  \\$aRosenthal, Albi$d1914-2004$4aut$913639
=245  10$aObiter scripta:$bEssays, Lectures, Articles, Interviews and Reviews on Music and Other Subjects
=260  \\$aOxford$bOffox Press$c2000
=300  \\$aviii-472 pages
=650  \0$aMusic history$1http://www.wikidata.org/entity/Q846047$921373
=650  \0$aMusic criticism$1http://www.wikidata.org/entity/Q11748889$921598
=700  \\$aGray, Jacqueline$4edt$921356
=942  \\$cBOO
=952  \\$00$10$2ddc$40$6TRE_ROSE$70$8TRE$910526$aORPH$bORPH$cKTS1_H$d2020-07-08$eKoopman$i23B45$l0$oTRE ROSE$p20128510$r2021-01-12 00:00:00$w2021-01-12$yBOO
=999  \\$d10539

