=LDR  00374    a2200109   4500
=001  10541
=100  \\$aRoskowsi, C.$913643
=245  \\$aDie kleinen geistlichen Konzerte
=260  \\$c1947
=942  \\$cBOO
=952  \\$00$10$2ddc$40$6BIO_SCHU5_E$70$8BIO$910528$aORPH$bORPH$cKTS1_P$d2020-07-08$eKoopman$i44C09$oBIO SCHU5 e$p20126662$r2021-01-12 00:00:00$w2021-01-12$yBOO$OKoopman
=999  \\$c10541$d10541

