=LDR  00879cam a22002171  4500
=001  10542
=005  20250218163405.0
=008  771130s1971\\\\gw\\\\\\\b\\\\000\0\ger\\
=020  \\$a3795900705
=040  \\$aOI
=100  \\$aRösner, Helmut$913644
=245  10$aNachdruckverzeichnis des Musikschrifttums.$bReprints
=260  \\$aWilhelmshaven$bHeinrichshofen$c1971
=300  \\$a148 pages$c18 cm.
=490  0\$aTaschenbücher zur Musikwissenschaft$v5
=650  \0$aBibliography$1http://www.wikidata.org/entity/Q134995$93965
=650  \0$aPublishing$1http://www.wikidata.org/entity/Q3972943$93049
=650  \0$aMusic history$1http://www.wikidata.org/entity/Q846047$921373
=942  \\$cBOO
=952  \\$00$10$2ddc$40$6BIB_3_000000000000000_ROSN$70$8BIB$910529$aORPH$bORPH$cKTS0$d2020-07-08$eKoopman$i30F24$l0$oBIB3 ROSN$p20123306$r2021-01-12 00:00:00$w2021-01-12$yBOO$OKoopman
=999  \\$d10542

