=LDR  01441    a2200253   4500
=001  10544
=005  20251003085458.0
=008  210710s2002\\\\\\\|||||\||||\00|\0\ita\d
=041  \\$aita
=100  1\$aRossi, Franco$d1953-$4aut$1http://www.wikidata.org/entity/Q61481758$913191
=245  \\$aCatalogo tematico delle composizioni di Tomaso Albinoni (1671-1750)
=260  \\$aPadua$bI Solisti Veneti$c2002
=300  \\$a2 vols.
=600  \0$aAlbinoni, Tomaso$d1671-1750$1http://www.wikidata.org/entity/Q174606$914336
=648  \0$a18th Century (1701-1800)$1http://www.wikidata.org/entity/Q7015$920899
=650  \0$aComposer$1http://www.wikidata.org/entity/Q36834$93625
=650  \0$aInstrumental music$1http://www.wikidata.org/entity/Q639197$92106
=650  \0$aVocal music$1http://www.wikidata.org/entity/Q685884$93319
=650  \0$aCatalogue$1http://www.wikidata.org/entity/Q2352616$921484
=651  \0$aVenice (Italy)$1http://www.wikidata.org/entity/Q641$91
=942  \\$cBOO
=952  \\$00$10$2ddc$3Parte I: Le 12 opere strumentali a stampa$40$6BIO_ALBI_C$70$8BIO$910531$aORPH$bORPH$cKTS1_P$d2020-07-08$eKoopman$i45B15-1$l0$oBIO ALBI c$p20127396$r2021-01-12 00:00:00$w2021-01-12$yBOO
=952  \\$00$10$2ddc$3Parte II: Le opere strumentali manuscritte, Le opere vocali, I libretti$40$6BIO_ALBI_C$70$8BIO$910532$aORPH$bORPH$cKTS1_P$d2020-07-08$eKoopman$i45B15-2$l0$oBIO ALBI c$p20127395$r2021-01-12 00:00:00$w2021-01-12$yBOO
=999  \\$c10544$d10544

