=LDR  01537aam a2200253   4500
=001  10546
=005  20251003085458.0
=008  230329s2006\\\\||||||||\c|||\00|\0\ita\d
=020  \\$a8890141255
=020  \\$a9788890141256
=041  \\$aita
=100  1\$aRossi, Franco$d1953-$4aut$1http://www.wikidata.org/entity/Q61481758$913191
=245  \\$aCatalogo tematico delle composizioni di Baldassare Galuppi (1706-1785)
=260  \\$c2006$bI Solisti Veneti$aPadua
=300  \\$a369 pages
=500  \\$aBaldassare Galuppi (1706-1785) belonged to a generation of composers, including Johann Adolph Hasse, Giovanni Battista Sammartini, and C. P. E. Bach, whose works are emblematic of the prevailing galant music that developed in Europe throughout the 18th century. He achieved international success, spending periods of his career in Vienna, London and Saint Petersburg, but his main base remained Venice, where he held a succession of leading appointments.
=600  \0$aGaluppi, Baldassare$d1706-1785$1http://www.wikidata.org/entity/Q208338$95847
=648  \0$a18th Century (1701-1800)$1http://www.wikidata.org/entity/Q7015$920899
=650  \0$aCatalogue$1http://www.wikidata.org/entity/Q2352616$921484
=650  \0$aInstrumental music$1http://www.wikidata.org/entity/Q639197$92106
=651  \0$aItaly$1http://www.wikidata.org/entity/Q38$922
=942  \\$cBOO
=952  \\$00$10$2ddc$40$6BIO_GALU_C$70$8BIO$910533$aORPH$bORPH$cKTS1_P$d2020-07-08$eKoopman$i45B17-1$oBIO GALU c$p20127393$r2021-01-12 00:00:00$w2021-01-12$yBOO$OKoopman
=999  \\$d10546

