=LDR  00393    a2200109   4500
=001  10548
=100  \\$aRossini, Gioacchino$d1792-1868$96192
=245  \\$aGioacchino Rossini, ausgewählte B
=260  \\$c1947
=942  \\$cBOO
=952  \\$00$10$2ddc$40$6BIO_ROSS2_A$70$8BIO$910535$aORPH$bORPH$cKTS1_P$d2020-07-08$eKoopman$i23G33$oBIO ROSS2 a$p20125748$r2021-01-12 00:00:00$w2021-01-12$yBOO$OKoopman
=999  \\$c10548$d10548

