=LDR  00857aam a2200217   4500
=001  10556
=005  20251008124941.0
=008  251008s1921\\\\||||||||\||||\00|\f\fre\d
=041  \\$afre
=100  \\$aRostand, Maurice$d1891-1968$1http://www.wikidata.org/entity/Q1085320$913653$4aut
=245  \\$aLe Pilori
=250  \\$a1st ed.
=260  \\$aParis$bFlammarion$c1921
=300  \\$a327 pages
=561  \\$aContains a sweet handwritten dedication from the author
=648  \0$a20th Century (1901-2000)$1http://www.wikidata.org/entity/Q6927$920936
=650  \0$aNovel$1http://www.wikidata.org/entity/Q8261$921629
=651  \0$aFrance$1http://www.wikidata.org/entity/Q142$9131
=942  \\$cBOO
=952  \\$00$10$2ddc$40$6LIT_ROST_A$70$8LIT$910543$aORPH$bORPH$cKM12_2_H$d2020-07-08$eKoopman$i33E66$oLIT ROST a$p20120925$r2021-01-12 00:00:00$w2021-01-12$yBOO
=999  \\$d10556

