=LDR  00347    a2200109   4500
=001  10557
=100  \\$aRosteck, O.$913654
=245  \\$aBach und Bremen
=260  \\$c1999
=942  \\$cBOO
=952  \\$00$10$2ddc$40$6BIO_BACH1_E$70$8BIO$910544$aORPH$bORPH$cKTS1_P$d2020-07-08$eKoopman$i33E27$oBIO BACH1 e$p20120962$r2021-01-12 00:00:00$w2021-01-12$yBOO
=999  \\$c10557$d10557

