=LDR  01947cam a22003974a 4500
=001  10558
=005  20250121142126.0
=008  020218s2001\\\\it\a\\\\\bc\\\001\0\ita\\
=010  \\$a  2002397513
=020  \\$a8881184273
=040  \\$aOI
=041  \\$aita
=100  \\$aGhezzi, Pier Leone$d1674-1755$4art$1http://www.wikidata.org/entity/Q429072$913657
=245  13$aIl "mondo novo" musicale di Pier Leone Ghezzi
=260  \\$aMilan$bSkira$aRome$bAccademia nazionale di Santa Cecilia$c2001
=300  \\$a495 pages$bill. ;$c29 cm.
=490  \\$aL'Arte armonica, serie IV: Iconografia e cataloghi$v2
=500  \\$aAt head of title: Accademia nazionale di Santa Cecilia, Fondazione; Biblioteca apostolica vaticana.
=504  \\$aIncludes bibliographical references (p. 451-466) and indexes.
=590  \\$aGiancarlo Rostirolla ; con saggi di Stefano La Via e Anna Lo Bianco.
=600  \0$aGhezzi, Pier Leone$d1674-1755$1http://www.wikidata.org/entity/Q429072$913657
=610  \0$aBiblioteca apostolica vaticana (Rome, Italy)$91531
=648  \0$a18th Century (1701-1800)$1http://www.wikidata.org/entity/Q7015$920899
=650  \0$aFine art$1http://www.wikidata.org/entity/Q219625$921579
=650  \0$aComposer$1http://www.wikidata.org/entity/Q36834$93625
=650  \0$aSinger$1http://www.wikidata.org/entity/Q177220$93915
=650  \0$aInstrumentalist$1http://www.wikidata.org/entity/Q1278335$921706
=650  \0$aIconography$1http://www.wikidata.org/entity/Q208145$921259
=650  \0$aSatire$1http://www.wikidata.org/entity/Q128758$921636
=651  \0$aRome (Italy)$1http://www.wikidata.org/entity/Q220$949
=700  \\$aRostirolla, Giancarlo$4aut$913655
=700  \\$aLa Via, Stefano$4ctb$913658
=700  \\$aLo Bianco, Anna$4ctb$913659
=942  \\$cBOO
=952  \\$00$10$2ddc$40$6BIO_GHEZ_A$70$8BIO$910545$aORPH$bORPH$cKTS1_P$d2020-07-08$eKoopman$i29F32$oBIO GHEZ a$p20121250$r2021-01-12 00:00:00$w2021-01-12$yBOO
=999  \\$d10558

