=LDR  03672aam a2200697   4500
=001  10561
=008  210412s1909\\\\\\\|||||\||||\00|\0\dut\d
=041  \\$adut
=100  \\$aKloos, Willem$d1859-1938$4aut$1http://www.wikidata.org/entity/Q2574395$920838
=245  \\$aEen daad van Eenvoudige Rechtvaardigheid:$bStudies over onze 18e eeuwsche dichters met bloemlezing uit hun werken
=250  \\$a1st ed.
=260  \\$aAmsterdam$bLooy, van$c1909
=300  \\$a260 pages
=561  \\$aEx libris F. Koote (manuscript)
=600  \0$aRotgans, Lukas$d1654-1710$1http://www.wikidata.org/entity/Q2234173$94983
=600  \0$aSchermer, Lukas$d1688-1711$97351
=600  \0$aZeeus, Jakob$d1686-1718$1http://www.wikidata.org/entity/Q107742130$97159
=600  \0$aHoogvliet, Arnold$d1687-1763$1http://www.wikidata.org/entity/Q2101959$96406
=600  \0$aPoot, Hubert Korneliszoon$d1689-1733$95560
=600  \0$aSmits, Dirk$d1702-1752$1http://www.wikidata.org/entity/Q28934558$920839
=600  \0$aLannoy, Juliana Cornelia de$d1738-1782$1http://www.wikidata.org/entity/Q2316970$95885
=600  \0$aMerken, Lucretia Wilhelmina van$d1721-1789$1http://www.wikidata.org/entity/Q3265974$95933
=648  \0$a18th Century (1701-1800)$1http://www.wikidata.org/entity/Q7015$920899
=650  \0$aLiterature$1http://www.wikidata.org/entity/Q8242$94439
=650  \0$aPoetry$1http://www.wikidata.org/entity/Q482$93026
=651  \0$aNetherlands$1http://www.wikidata.org/entity/Q55$9173
=653  \0$aAlphen, v.$3232$020120710$wG1-036$928617
=653  \0$aBilderdijk$3235, 237-241, 258$020120710$wG1-036$929573
=653  \0$aBoddaert$3231, 232$020120710$wG1-036$929659
=653  \0$aBellamy$3235$020120710$wG1-036$929392
=653  \0$aBurman, P.$3175$020120710$wG1-036$930047
=653  \0$aNieuwland$3235-237$020120710$wG1-036$935248
=653  \0$aCorelli, A.$3180$020120710$wG1-036$930736
=653  \0$adell'Abaco$3180$020120710$wG1-036$930997
=653  \0$adichteres$3195-231$020120710$wG1-036$931056
=653  \0$aPoot, H. C.$3121-154$020120710$wG1-036$936074
=653  \0$aPoot, H. C._en muziek$3132$020120710$wG1-036$936075
=653  \0$aSwaanenburg, W. v.$3232$020120710$wG1-036$936682
=653  \0$aHaren, O. Zwier van$3122-128$020120710$wG1-036$932565
=653  \0$aHaren, W. v.$3232$020120710$wG1-036$932567
=653  \0$aHoogvliet, A.$3107-119$020120710$wG1-036$932926
=653  \0$aVos, J.$332, 140$020120710$wG1-036$937771
=653  \0$aWinter, v.$3231$020120710$wG1-036$938006
=653  \0$aKinker, J$3240, 241$020120710$wG1-036$933411
=653  \0$aZeeus, J.$397-105$020120710$wG1-036$938119
=653  \0$alamento$3147, 149, 185$020120710$wG1-036$933868
=653  \0$aLangendijk, P.$3231$020120710$wG1-036$933901
=653  \0$aLannoy, J. C. de$3195-230, 245$020120710$wG1-036$933907
=653  \0$aSchermer, L.$351-95$020120710$wG1-036$938841
=653  \0$aSmits, D.$3155-194$020120710$wG1-036$939175
=653  \0$aMascitti$3180$020120710$wG1-036$934506
=653  \0$aMerken, L. v.$3231, 242-256$020120710$wG1-036$934686
=653  \\$aAmeide, H[endrik] van der$3179$020120710$wG1-036$928654
=653  \\$aFeith, Rhijnvis$3241$95084$020120710$wG1-036
=653  \\$aJonckbloet$32-16$020120710$wG1-036$933236
=653  \\$aMoonen, A.$3135-138$020120710$wG1-036$934862
=653  \\$aRotgans, Lukas$315-49$94983$020120710$wG1-036
=856  \\$uhttps://resolver.kb.nl/resolve?urn=MMSFUBA02:000011862
=942  \\$cBOO
=952  \\$00$10$2ddc$40$6KTS_1_000000000000000_C3_53_G1036$70$8RAR$910548$aORPH$bORPH$cKTS1_C3$d2020-07-08$eKoopman$i35D13$l0$oKTS1 C3.53 G1-036$p20120710$r2021-01-12 00:00:00$w2021-01-12$yBOO
=999  \\$d10561

