=LDR  00712aam a2200169   4500
=001  10562
=008  240502s1964\\\\||||||||\||||\00|\0\ger\d
=041  \\$ager
=100  \\$aRothschild, F.$4aut$913661
=245  \\$aVergessene Traditionen in der Musik.$bZur Aufführungspraxis von Bach bis Beethoven
=260  \\$aZürich$bAtlantis$c1964
=300  \\$a228 pages
=648  \0$a18th Century (1701-1800)$1http://www.wikidata.org/entity/Q7015$920899
=650  \0$aPerformance$1http://www.wikidata.org/entity/Q6942562$926223
=942  \\$cBOO
=952  \\$00$10$2ddc$40$6MTP_2_000000000000000_ROTS$70$8MTP$910549$aORPH$bORPH$cKM12_1$d2020-07-08$eKoopman$i35A18$l0$oMTP2 ROTS$p20122494$r2021-01-12 00:00:00$w2021-01-12$yBOO
=999  \\$d10562

