=LDR  00358    a2200109   4500
=001  10566
=100  \\$aRousset, P.$913664
=245  \\$aChambres Historiques
=260  \\$c1975
=942  \\$cBOO
=952  \\$00$10$2ddc$40$6VIS_ROUS$70$8VIS$910553$aORPH$bORPH$cKTS1_H$d2020-07-08$eKoopman$i38F29$l0$oVIS ROUS$p20122327$r2021-01-12 00:00:00$w2021-01-12$yBOO$OKoopman
=999  \\$c10566$d10566

