=LDR  00774cam a2200229   4500
=001  10567
=005  20250120115938.0
=008  690814s1969\\\\enkg\\\\\b\\\\001\0\eng\\
=015  \\$aB69-04041
=020  \\$a0257656375
=040  \\$aOI
=100  \\$aRoutley, Erik$913665
=245  14$aThe musical Wesleys.
=260  \\$aLondon,$bJenkins,$c1968 [i.e. 1969]
=300  \\$axv, 272 p.$bmusic.$c23 cm.
=350  \\$a50/-
=504  \\$aBibliography: p. 264-265.
=610  \0$aWesley family$1http://www.wikidata.org/entity/Q233193$922350
=942  \\$cBOO
=952  \\$00$10$2ddc$40$6BIO_WESL0_D$70$8BIO$910554$aORPH$bORPH$cKTS1_P$d2020-07-08$eKoopman$i23B20$l0$oBIO WESL0 d$p20128539$r2021-01-12 00:00:00$w2021-01-12$yBOO$OKoopman
=999  \\$c10567$d10567
=490  \\$aStudies in church music

