=LDR  00920aam a2200205   4500
=001  10569
=008  250623s1972\\\\|||fao||\||||\001\0\eng\d
=041  \\$aeng
=100  \\$aRowse, A. L.$913668$4aut
=245  \\$aThe Elizabethan Renaissance.$bThe Cultural Achievement.
=260  \\$c1974$aLondon$bCardinal
=300  \\$a412 pages
=534  \\$c1972
=600  \0$aElizabeth I$cQueen of England$d1533-1603$1http://www.wikidata.org/entity/Q7207$921665
=648  \0$aRenaissance (1400-1600)$1http://www.wikidata.org/entity/Q4692$920965
=650  \0$aCultural history$1http://www.wikidata.org/entity/Q858517$922395
=651  \0$aUnited Kingdom$1http://www.wikidata.org/entity/Q21$1http://www.wikidata.org/entity/Q145$9273
=942  \\$cBOO
=952  \\$00$10$2ddc$40$6TOP_GB_4_000000000000000$70$8TOP$910556$aORPH$bORPH$cKTS0$d2020-07-08$eKoopman$i42B24$l0$oTOP GB 4$p20120071$r2021-01-12 00:00:00$w2021-01-12$yBOO$OKoopman
=999  \\$d10569

