=LDR  01122aam a2200241   4500
=001  10570
=008  250104s1984\\\\||||||||\||||\00|\0\dut\d
=020  \\$a9060196821
=041  \\$adut$hfre
=100  \\$aLe Roy Ladurie, Emmanuel$d1929-2023$1http://www.wikidata.org/entity/Q314148$4aut$922979
=245  \\$aMontaillou, een ketters dorp in de Pyreneeën (1294-1324)
=260  \\$aAmsterdam$bBert Bakker$c1984
=300  \\$a500 pages
=534  \\$aOriginally published in 1975
=590  \\$aVertaald door Claire Den Boer en Roland Fagel
=648  \0$aMiddle Ages (500-1400)$1http://www.wikidata.org/entity/Q12554$920964
=650  \0$aCatharism$1http://www.wikidata.org/entity/Q161696$939355
=650  \0$aCultural history$1http://www.wikidata.org/entity/Q858517$922395
=651  \0$aMontaillou (France)$1http://www.wikidata.org/entity/Q334316$939356
=765  \\$aMontaillou, village occitan de 1294 à 1324
=942  \\$cBOO
=952  \\$00$10$2ddc$40$6TOP_FR_MON_3_000000000000000$70$8TOP$910557$aORPH$bORPH$cKTS0$d2020-07-08$eKoopman$i40E21$l0$oTOP FR.MON 3$p20120251$r2021-01-12 00:00:00$w2021-01-12$yBOO$OKoopman
=999  \\$d10570

