=LDR  00927aam a2200205   4500
=001  10571
=008  250104s1975\\\\||||||||\||||\00|\0\fre\d
=041  \\$afre
=100  \\$aLe Roy Ladurie, Emmanuel$d1929-2023$1http://www.wikidata.org/entity/Q314148$4aut$922979
=245  \\$aMontaillou, village occitan de 1294 à 1324
=250  \\$a1st ed.
=260  \\$aParis$bGallimard$c1975
=300  \\$a642 pages
=648  \0$aMiddle Ages (500-1400)$1http://www.wikidata.org/entity/Q12554$920964
=650  \0$aCatharism$1http://www.wikidata.org/entity/Q161696$939355
=650  \0$aCultural history$1http://www.wikidata.org/entity/Q858517$922395
=651  \0$aMontaillou (France)$1http://www.wikidata.org/entity/Q334316$939356
=942  \\$cBOO
=952  \\$00$10$2ddc$40$6TOP_FR_MON_3_000000000000000$70$8TOP$910558$aORPH$bORPH$cKTS0$d2020-07-08$eKoopman$i40E27$l0$oTOP FR.MON 3$p20120245$r2021-01-12 00:00:00$w2021-01-12$yBOO$OKoopman
=999  \\$d10571

