=LDR  01506cam a22003015a 4500
=001  10572
=005  20250120120201.0
=008  920604s1991\\\\ne\a\\\\\bc\\\000\0\dut\\
=020  \\$a9066303174
=040  \\$aOI
=041  \\$adut
=245  10$aTheodoor van Thulden:$been Zuidnederlandse barokschilder ('s-Hertogenbosch, 1606-1669)
=260  \\$aZwolle$bWaanders$c1991
=300  \\$a303 pages$bill. (some col.)$c29 cm
=500  \\$aCatalog of an exhibition held at the Noordbrabants Museum, Den Bosch, Dec. 7, 1991-Feb. 23, 1992 and at the Musée des beaux-arts, Strasbourg, Mar. 13-May 17, 1992.
=504  \\$aIncludes bibliographical references (p. 283-288).
=600  \0$aThulden, Theodoor van$d1606-1669$1http://www.wikidata.org/entity/Q260817$913670
=600  \0$aRubens, Peter Paul$d1577-1640$1http://www.wikidata.org/entity/Q5599$914413
=648  \0$a17th Century (1601-1700)$1http://www.wikidata.org/entity/Q7016$920923
=650  \0$aFine art$1http://www.wikidata.org/entity/Q219625$921579
=650  \0$aSymbol$1http://www.wikidata.org/entity/Q80071$93606
=650  \0$aAllegory$1http://www.wikidata.org/entity/Q18535$93718
=650  \0$aBaroque$1http://www.wikidata.org/entity/Q37853$921255
=651  \0$aFlanders (Belgium)$1http://www.wikidata.org/entity/Q234$989
=700  \\$aRoy, Alain$4aut$913673
=942  \\$cBOO
=952  \\$00$10$2ddc$40$6BIO_THUL_D$70$8BIO$910559$aORPH$bORPH$cKTS1_P$d2020-07-08$eKoopman$i18A05$oBIO THUL d$p20127046$r2021-01-12 00:00:00$w2021-01-12$yBOO
=999  \\$d10572

