=LDR  00854    a2200205   4500
=001  10575
=008  220413|\\\\\\\\gw\f||||\||||\00|\0\ger\d
=041  \\$ager
=245  \\$aKamenzer Orgelbuch.$bDie älteren Orgelwerke der Hauptkirche St. Marien. Die Mende-Orgel der Klosterkirche
=260  \\$c1953
=300  \\$a72 pages
=336  \\$aprinted
=650  \0$aOrgan$1http://www.wikidata.org/entity/Q1444$92810
=650  \0$aOrganology$1http://www.wikidata.org/entity/Q899293$921400
=651  \0$aKamenz (Germany)$1http://www.wikidata.org/entity/Q81722$923927
=700  \\$4aut$aRubardt, Paul$913676
=700  \\$4aut$aJentsch, Ernst$d1867-1919$923926
=942  \\$cBOO
=952  \\$00$10$2ddc$40$6INS_3_000000000000000_1A_DE_KAM$70$8INS$910562$aORPH$bORPH$cKTS0$d2020-07-08$eKoopman$i21B28$oINS3.1a DE.KAM$p20128411$r2021-01-12 00:00:00$w2021-01-12$yBOO
=999  \\$d10575

