=LDR  01377aam a2200265   4500
=001  10576
=008  211118s1953\\\\||||||||\||||\00|\0\ger\d
=024  \\$2Lizenznummer$a472-155/202/53
=041  \\$ager
=100  \\$aRubardt, Paul$4aut$913676
=245  \\$aDie Silbermannorgeln in Rötha
=260  \\$aWiesbaden$bBreitkopf & Härtel$c1953
=300  \\$a32 pages$b9 leaves of plates
=600  \0$aSilbermann, Gottfried$d1683-1753$1http://www.wikidata.org/entity/Q61720$914779
=600  \0$aIbach, Johannes Adolph$d1766-1848$1http://www.wikidata.org/entity/Q1697148$922942
=600  \0$aSchein, Johann Hermann$d1586-1630$1http://www.wikidata.org/entity/Q57827$921808
=600  \0$aHildebrandt, Zacharias$d1688-1757$1http://www.wikidata.org/entity/Q92051$921670
=600  \0$aKuhnau, Johann$d1660-1722$1http://www.wikidata.org/entity/Q157359$95086
=600  \0$aPetzold, Christian$d1677-1733$1http://www.wikidata.org/entity/Q537804$922943
=648  \0$a18th Century (1701-1800)$1http://www.wikidata.org/entity/Q7015$920899
=650  \0$aOrgan$1http://www.wikidata.org/entity/Q1444$92810
=651  \0$aRötha (Germany)$1http://www.wikidata.org/entity/Q10776$922944
=942  \\$cBOO
=952  \\$00$10$2ddc$40$6INS_3_000000000000000_1E_DE_ROT2$70$8INS$910563$aORPH$bORPH$cKTS0$d2020-07-08$eKoopman$i24C40$oINS3.1e DE.ROT2$p20129011$r2021-01-12 00:00:00$w2021-01-12$yBOO
=999  \\$d10576

