=LDR  00353    a2200109   4500
=001  10579
=100  \\$aRubio, S.$913679
=245  \\$aAntonio Soler
=260  \\$c1980
=942  \\$cBOO
=952  \\$00$10$2ddc$40$6BIO_SOLE_C$70$8BIO$910566$aORPH$bORPH$cKTS1_P$d2020-07-08$eKoopman$i32F33$l0$oBIO SOLE c$p20123068$r2021-01-12 00:00:00$w2021-01-12$yBOO$OKoopman
=999  \\$c10579$d10579

