=LDR  01019cam a2200253 a 4500
=001  10580
=005  20250218163405.0
=008  830207s1981\\\\sw\a\\\\\b\\\\001\0\eng\\
=015  \\$aS82-20
=020  \\$a9185172065 :$ckr182.25
=040  \\$aOI
=041  \\$aeng
=100  \\$aRudén, Jan Olof$d-1937$4aut$913680
=245  10$aMusic in Tablature:$bA Thematic Index with Source Descriptions of Music in Tablature Notation in Sweden
=260  \\$aStockholm$bSvenskt Musikhistoriskt Arkiv
=300  \\$a257 p. :$bill. ;$c22 x 28 cm.
=490  1\$aMusik i Sverige = Music in Sweden$v5
=504  \\$aIncludes bibliographical references and index.
=650  \0$aTablature$1http://www.wikidata.org/entity/Q143217$93722
=650  \0$aBibliography$1http://www.wikidata.org/entity/Q134995$93965
=651  \0$aSweden$1http://www.wikidata.org/entity/Q34$9275
=942  \\$cBOO
=952  \\$00$10$2ddc$40$70$8BIB$910567$aORPH$bORPH$cKTS0$d2020-07-08$eKoopman$i34A32$l0$p20122630$r2021-01-12 00:00:00$w2021-01-12$yBOO
=999  \\$c10580$d10580

