=LDR  00959aam a2200217   4500
=001  10581
=005  20250925143258.0
=008  230307s1913\\\\gw\\||||\||||\00|\0\ger\d
=041  \\$ager
=100  \\$aRudolz, Rudolf$4aut$913681
=245  \\$aDie Registrierkunst des Orgelspiels in ihren Grundlegenden Formen
=260  \\$aLeipzig$bBreitkopf & Härtel$c1913
=300  \\$a60 pages
=648  \0$a20th Century (1901-2000)$1http://www.wikidata.org/entity/Q6927$920936
=650  \0$aOrgan$1http://www.wikidata.org/entity/Q1444$92810
=650  \0$aOrganology$1http://www.wikidata.org/entity/Q899293$921400
=650  \0$aOrgan registration$1http://www.wikidata.org/entity/Q7309439$923402
=651  \0$aGermany$1http://www.wikidata.org/entity/Q183$9155
=942  \\$cBOO
=952  \\$00$10$2ddc$40$6INS_3_000000000000000_1C_RUDO$70$8INS$910568$aORPH$bORPH$cKTS0$d2020-07-08$eKoopman$i24B51$l0$oINS3.1c RUDO$p20128785$r2021-01-12 00:00:00$w2021-01-12$yBOO$OKoopman
=999  \\$d10581

