=LDR  00821    a2200193   4500
=001  10584
=008  220705|\\\\\\\\it\a||||\||||\00|\0\ita\d
=041  \\$aita
=100  \\$aRuffatti, Francesco$4aut$913684
=245  \\$aIl decano di Puglia. L'organo della chiesa parrocchiale di Maria SS. Annunziata in Grottaglie (Ta)
=260  \\$c2011
=300  \\$a29 pages
=500  \\$aPhotocopied article
=650  \0$aOrgan$1http://www.wikidata.org/entity/Q1444$92810
=650  \0$aOrganology$1http://www.wikidata.org/entity/Q899293$921400
=651  \0$aGrottaglie (Taranto, Italy)$1http://www.wikidata.org/entity/Q52014$924497
=942  \\$cBOO
=952  \\$00$10$2ddc$40$6INS_3_000000000000000_1E_IT_GRO$70$8INS$910571$aORPH$bORPH$cKTS0$d2020-07-08$eKoopman$i43C18$oINS3.1e IT.GRO$p20127190$r2021-01-12 00:00:00$w2021-01-12$yBOO
=999  \\$d10584

