=LDR  01437cam a22003134a 4500
=001  10585
=005  20251003085458.0
=008  031110s2003\\\\it\\\\\\\bc\\\001\0\ita\\
=020  \\$a8822252640
=040  \\$aOI
=041  \\$aita
=100  \\$aRuggeri, Marco$4aut$927164
=245  10$aCatalogo del fondo musicale del Convento dei Frati minori di Piacenza$bcostituito nel XIX secolo da padre Davide da Bergamo
=246  18$aCatalogo del Convento di Piacenza
=260  \\$aFlorence$bOlschki$c2003
=300  \\$axxvi-500 pages$c24 cm
=490  1\$aHistoriæ Musicæ Cultores$v100
=504  \\$aIncludes index
=600  \0$aDavide da Bergamo$cPadre$d1791-1863$1http://www.wikidata.org/entity/Q3360386$927165
=610  \0$aConvento dei Frati minori di Piacenza (Italy)$927166
=648  \0$a19th Century (1801-1900)$1http://www.wikidata.org/entity/Q6955$920935
=650  \0$aManuscript$1http://www.wikidata.org/entity/Q87167$92275
=650  \0$aLibrary$1http://www.wikidata.org/entity/Q7075$94229
=650  \0$aCatalogue$1http://www.wikidata.org/entity/Q2352616$921484
=651  \0$aPiacenza (Italy)$1http://www.wikidata.org/entity/Q13329$924442
=710  2\$aConvento dei Frati minori di Piacenza (Piacenza, Italy)
=942  \\$cBOO
=952  \\$00$10$2ddc$40$6BIB_4_000000000000000_IT_PIA$70$8BIB$910572$aORPH$bORPH$cKTS0$d2020-07-08$eKoopman$i25A10$l0$oBIB4 IT.PIA$p20129160$r2021-01-12 00:00:00$w2021-01-12$yBOO$OKoopman
=999  \\$d10585

