=LDR  01066aam a2200229   4500
=001  10586
=008  250617s2009\\\\|||a||||\||||\00|\0\ger\d
=020  \\$a9783888491405
=041  \\$ager
=245  \\$aMusikalische Rätsel:$bQuærite et invenietis (Suchet und ihr werdet finden)
=260  \\$aPassau$bStutz$c2009
=648  \0$a16th Century (1501-1600)$1http://www.wikidata.org/entity/Q7017$920944
=648  \0$a17th Century (1601-1700)$1http://www.wikidata.org/entity/Q7016$920923
=650  \0$aGame$1http://www.wikidata.org/entity/Q11410$923801
=650  \0$aIconography$1http://www.wikidata.org/entity/Q208145$921259
=650  \0$aRiddle$1http://www.wikidata.org/entity/Q47054$940410
=700  \\$aRuhland, Konrad$d1932-2010$1http://www.wikidata.org/entity/Q832364$4aut$923872
=700  \\$aFendt, L.$4aut$940408
=700  \\$aGeiger, Johannes$4aut$940613
=942  \\$cBOO
=952  \\$00$10$2ddc$40$6VIS_RUHL$70$8VIS$910573$aORPH$bORPH$cKTS1_H$d2020-07-08$eKoopman$i43C12$l1$m1$oVIS RUHL$p20127196$r2024-06-25 00:00:00$s2023-11-15$w2021-01-12$yBOO$OKoopman
=999  \\$d10586

