=LDR  00997aam a2200217   4500
=001  10592
=008  221205s1929\\\\|||f||||\||||\00|\0\ger\d
=041  \\$ager
=100  \\$aRupp, Emile$4aut$913689
=245  \\$aDie Entwicklungsgeschichte der Orgelbaukunst
=260  \\$aEinsiedeln$bBenziger/Einsiedeln$c1929
=300  \\$a467 pages
=561  \\$aEx libris Laura Dobbenga
=600  \0$aSilbermann, Johann Andreas$d1712-1783$1http://www.wikidata.org/entity/Q321618$96380
=600  \0$aSilbermann, Andreas$d1678-1734$1http://www.wikidata.org/entity/Q67925$915476
=600  \0$aCavaillé-Coll, Aristide$d1811-1899$1http://www.wikidata.org/entity/Q356502$94970
=650  \0$aOrganology$1http://www.wikidata.org/entity/Q899293$921400
=650  \0$aOrgan$1http://www.wikidata.org/entity/Q1444$92810
=942  \\$cBOO
=952  \\$00$10$2ddc$40$6INS_3_000000000000000_1B$70$8INS$910579$aORPH$bORPH$cKTS0$d2020-07-08$eKoopman$i42G23$l0$oINS3.1b$p20120025$r2021-01-12 00:00:00$w2021-01-12$yBOO$OKoopman
=999  \\$d10592

