=LDR  01419pam a2200289 a 4500
=001  10593
=005  20251103160137.0
=008  941227s1995\\\\enkaf\\\\b\\\\011\0\eng\\
=041  0\$aeng$aita
=100  \\$4dte$aFortune, Nigel$910922
=245  00$aCon che soavità:$bStudies in Italian Opera, Song, and Dance, 1580-1740
=260  \\$aOxford$bClarendon$aNew York$bOxford University Press$c1995
=300  \\$aviii-336 pages$billustrations; [12] pages of plates$c24 cm
=500  \\$a"Dedicated to Nigel Fortune on the occasion of his seventieth birthday"--Pref.
=504  \\$aIncludes bibliographical references and index.
=648  \0$a16th Century (1501-1600)$1http://www.wikidata.org/entity/Q7017$920944
=648  \0$a17th Century (1601-1700)$1http://www.wikidata.org/entity/Q7016$920923
=648  \0$a18th Century (1701-1800)$1http://www.wikidata.org/entity/Q7015$920899
=650  \0$aOpera$1http://www.wikidata.org/entity/Q1344$92468
=650  \0$aSong$1http://www.wikidata.org/entity/Q7366$94164
=650  \0$aDance$1http://www.wikidata.org/entity/Q6034$924845
=651  \0$aItaly$1http://www.wikidata.org/entity/Q38$922
=700  \\$aFenlon, Iain$d1949-$4edt$916998
=700  \\$aCarter, Tim$d-1954$4edt$913690
=942  \\$cBOO
=952  \\$00$10$2ddc$40$6TOP_IT_4_000000000000000$70$8TOP$910580$aORPH$bORPH$cKTS0$d2020-07-08$eKoopman$i21A34$oTOP IT 4$p20128310$r2021-01-12 00:00:00$w2021-01-12$yBOO
=999  \\$d10593

