=LDR  01542    a2200265   4500
=001  10595
=005  20251003085458.0
=008  211102s1968\\\\-ukf||||\||||\00|\0\eng\d
=041  \\$aeng
=100  \\$aRussel, Raymond$4aut$913691
=245  \\$aCatalogue of Musical Instruments
=260  \\$c1968$aLondon$bHer Majesty's Stationery Office
=300  \\$a2 vols. (94+109 pages)$billustrations
=610  \0$aVictoria and Albert Museum (London, United Kingdom)$1http://www.wikidata.org/entity/Q213322$91594
=648  \0$a16th Century (1501-1600)$1http://www.wikidata.org/entity/Q7017$920944
=648  \0$a17th Century (1601-1700)$1http://www.wikidata.org/entity/Q7016$920923
=648  \0$a18th Century (1701-1800)$1http://www.wikidata.org/entity/Q7015$920899
=650  \0$aOrganology$1http://www.wikidata.org/entity/Q899293$921400
=650  \0$aCatalogue$1http://www.wikidata.org/entity/Q2352616$921484
=700  \\$4aut$aBaines, Anthony$99347
=942  \\$cBOO
=952  \\$00$10$2ddc$3vol. 2: Non-Keyboard Instruments$40$6INS_1B_GB_LON1$70$8INS$95764$aORPH$bORPH$cKTS0$d2020-07-08$eKoopman$i19E21$oINS1b GB.LON1$p20125292$r2021-01-12 00:00:00$w2021-01-12$yBOO
=952  \\$00$10$2ddc$3vol. 1: Keyboard Instruments$40$6INS_3A_VICT$70$8INS$910582$aORPH$bORPH$cKTS0$d2020-07-08$eThwaites$oINS3a VICT$p20129994$r2021-01-12 00:00:00$w2021-01-12$yBOO
=952  \\$00$10$2ddc$3vol. 1: Keyboard Instruments$40$6INS_3A_VICT$70$8INS$910585$aORPH$bORPH$cKTS0$d2020-07-08$eKoopman$i19E20$oINS3a VICT$p20125293$r2021-01-12 00:00:00$w2021-01-12$yBOO
=999  \\$d10595

