=LDR  01827aam a2200289   4500
=001  10596
=008  230605s1967\\\\|||ag|||\||||\00|\0\ger\d
=041  \\$ager
=059  \\$aSATB
=100  1\$aCrosby, C. Russell$cJr.$1http://www.wikidata.org/entity/Q113776496$4edt$913692
=245  \\$aDie flötnerschen Spielkarten und andere Curiosa der Musiküberlieferung des 16. Jahrhunderts aus Franken
=260  \\$c1967$aWiesbaden$bBreitkopf & Härtel
=300  \\$a99 pages
=490  \\$aDenkmäler der Tonkunst in Bayern. N. F. Sonderband$v1
=500  \\$aFull-color facsimile of the famous illustrated playing cards with 4-voice compositions—discantus, altus, tenor, bassus—notated on their backs. Besides Peter Flötner’s cards, this publication includes “Oberdeutsches Trinklied” (Basel, Universitäts- Bibliothek, Hs. F. IX. 59-62) and “Rumpoltschen Spielkarten”. Commentary in German, with modern transcriptions of all the pieces.
=600  10$1http://www.wikidata.org/entity/Q73088$aFlötner, Peter$d1485-1546$926282
=648  \0$1http://www.wikidata.org/entity/Q7017$a16th Century (1501-1600)$920944
=650  \0$1http://www.wikidata.org/entity/Q685884$aVocal music$93319
=650  \0$1http://www.wikidata.org/entity/Q2865882$aApplied arts$921627
=650  \0$1http://www.wikidata.org/entity/Q219625$aFine art$921579
=650  \0$aGame$1http://www.wikidata.org/entity/Q11410$923801
=650  \0$aMusic printing$1http://www.wikidata.org/entity/Q64416036$94007
=650  \0$aManuscript$1http://www.wikidata.org/entity/Q87167$92275
=651  \0$1http://www.wikidata.org/entity/Q183$aGermany$9155
=942  \\$cBOO
=952  \\$00$10$2ddc$40$6BIB_3_000000000000000_CROS$70$8BIB$910583$aORPH$bORPH$cKTS0$d2020-07-08$eKoopman$i18D37$l0$oBIB3 CROS$p20125036$r2021-01-12 00:00:00$w2021-01-12$yBOO$OKoopman
=999  \\$d10596

