=LDR  02867aam a2200277 a 4500
=001  10597
=005  20251031153727.0
=008  080422s2009\\\\nyuag\\\\b\\\\001\0\eng\\
=020  \\$a9780195343274
=040  \\$aOI
=041  \\$aeng
=100  \\$aRussell, Craig H.$4aut$913693
=245  10$aFrom Serra to Sancho:$bMusic and Pageantry in the California Missions
=260  \\$aNew York$bOxford University Press$c2009
=300  \\$axix-457 pages
=490  \\$aCurrents in Latin American & Iberian Music
=504  \\$aIncludes bibliographical references and index.
=505  0\$aMusic style and performance in mission life -- Notation and music theory -- Serra and the introduction of sacred song : Veni Creator Spiritus, Salve, Te Deum, and Alabado -- Sacred celebration : song, sequence, dance and pageantry -- Juan Bautista Sancho : tracing the Mallorcan connection -- Music for the mass : a spectrum of artistic invention -- Classical masses for voices and orchestra by Ignacio de Jerusalem García Fajer
=520  \\$aMusic in the California missions was a pluralistic combination of voices and instruments, of liturgy and spectacle, of styles and functions--and even of cultures--in a new blend that was non-existent before the Franciscan friars made their way to California beginning in 1769. From Serra to Sancho explores the exquisite sacred music that flourished on the West Coast of the United States when it was under Spanish and Mexican rule, delving into the historical, cultural, biographical, and stylistic aspects of California mission music during the late eighteenth and early nineteenth centuries. Author Craig H. Russell examines how mellifluous plainchant, reverent hymns, spunky folkloric ditties, "classical" music in the style of Haydn, and even Native American drumming were interwoven into a tapestry of resonant beauty. In addition to extensive musical and cultural analysis, Russell draws upon hundreds of primary documents in California, Mexico, Madrid, Barcelona, London, and Mallorca. It is through the melding together of this information from geographically separated places that he brings the mystery of California's mission music into sharper focus. Russell's groundbreaking study sheds new light on the cultural exchange that took place in the colonial United States, as well as on the pervasive worldwide influence of Iberian music as a whole.
=610  \0$aFranciscans$1http://www.wikidata.org/entity/Q165005$91540
=650  \0$aChurch music$1http://www.wikidata.org/entity/Q8812109$92283
=650  \0$aCatholicism$1http://www.wikidata.org/entity/Q1841$921631
=651  \0$aSouth America$1http://www.wikidata.org/entity/Q1$922373
=942  \\$cBOO
=952  \\$00$10$2ddc$40$6TOP_US_CAL$70$8TOP$910584$aORPH$bORPH$cKTS0$d2020-07-08$eKoopman$i42F29$l0$oTOP US.CAL$p20121986$r2021-01-12 00:00:00$w2021-01-12$yBOO$OKoopman
=999  \\$d10597

