=LDR  00737aam a2200181   4500
=001  10600
=008  230418s1959\\\\||||||||\||||\00|\0\eng\d
=041  \\$aeng
=100  \\$aRussell, Raymond$913694$4aut
=245  \\$aThe Harpsichord and Clavichord
=260  \\$aLondon$bFaber and Faber$c1959
=300  \\$a208 pages + plates
=650  \0$aOrganology$1http://www.wikidata.org/entity/Q899293$921400
=650  \0$aHarpsichord$1http://www.wikidata.org/entity/Q81982$92125
=650  \0$aClavichord$1http://www.wikidata.org/entity/Q191823$92126
=942  \\$cBOO
=952  \\$00$10$2ddc$40$6INS_3_000000000000000_2A$70$8INS$910587$aORPH$bORPH$cKTS0$d2020-07-08$eKoopman$i20F34$l0$oINS3.2a$p20128116$r2021-01-12 00:00:00$w2021-01-12$yBOO$OKoopman
=999  \\$d10600

