=LDR  00639    a2200217   4500
=001  10602
=003  OSt
=005  20230123095335.0
=008  210209b\\\\\\\\\\\|||||\||||\00|\0\eng\d
=020  \\$a9783487132648
=022  \\$a14340771
=040  \\$cST
=041  \\$aeng
=100  \\$aRussell, T.$4aut$913695
=245  \\$aThe Menuet de la cour
=260  \\$c2007$bGeorg Olms Verlag
=300  \\$a211 pages
=942  \\$cBOO$2ddc
=952  \\$00$10$2ddc$40$6GEN_17_000000000000000$70$8GEN$910589$aORPH$bORPH$cKM12_1$d2020-07-08$eKoopman$l0$oGEN 17$p20129195$r2021-01-12 00:00:00$w2021-01-12$yBOO
=999  \\$c10602$d10602
=490  \\$aTerpsichore (Series)

