=LDR  00840aam a2200193   4500
=001  10603
=008  250819s1949\\\\||||||||\||||\00|\d\fre\d
=041  \\$afre
=100  \\$aRutebeuf$dc. 1230-1285$1http://www.wikidata.org/entity/Q918599$913696$4aut
=245  \\$aLe Miracle de Théophile.$bMiracle du XIIIe siecle
=260  \\$aParis$bChampion$c1949
=490  \\$aClassiques français du moyen âge$v49
=648  \0$aMiddle Ages (500-1400)$1http://www.wikidata.org/entity/Q12554$920964
=650  \0$aMystery play$1http://www.wikidata.org/entity/Q240911$940265
=651  \0$aFrance$1http://www.wikidata.org/entity/Q142$9131
=700  \\$aFrank, G.$4edt$940989
=942  \\$cBOO
=952  \\$00$10$2ddc$40$6LIT_RUTE_A$70$8LIT$910590$aORPH$bORPH$cKM12_2_H$d2020-07-08$eKoopman$i43D14$oLIT RUTE a$p20126520$r2021-01-12 00:00:00$w2021-01-12$yBOO
=999  \\$d10603

