=LDR  01097cam a2200265 i 4500
=001  10607
=005  20250121142126.0
=008  780920s1977\\\\dk\g\\\\\\\\\\001\0dfre\\
=020  \\$a8787677008
=040  \\$aOI
=041  \\$afre
=100  \\$aRyom, Peter$d-1937$4aut$1http://www.wikidata.org/entity/Q1369400$913700
=245  14$aLes manuscrits de Vivaldi
=260  \\$aCopenhagen$bAntonio Vivaldi Archives$c1977
=300  \\$a590 pages$billustrations$c23 cm
=500  \\$aIncludes index.
=504  \\$aBibliography: p. 495-501.
=600  \0$aVivaldi, Antonio$d1678-1741$1http://www.wikidata.org/entity/Q1340$911980
=648  \0$a18th Century (1701-1800)$1http://www.wikidata.org/entity/Q7015$920899
=650  \0$aComposer$1http://www.wikidata.org/entity/Q36834$93625
=650  \0$aManuscript$1http://www.wikidata.org/entity/Q87167$92275
=651  \0$aItaly$1http://www.wikidata.org/entity/Q38$922
=942  \\$cBOO
=952  \\$00$10$2ddc$40$6BIO_VIVA_E$70$8BIO$910594$aORPH$bORPH$cKTS1_P$d2020-07-08$eKoopman$i23B07$oBIO VIVA e$p20128552$r2021-01-12 00:00:00$w2021-01-12$yBOO$OKoopman
=999  \\$d10607

