=LDR  00779aam a2200181   4500
=001  10608
=005  20251003085458.0
=008  230331s1970\\\\||||||||\c|||\00|\0\eng\d
=041  \\$aeng
=110  \\$4aut$aNanki Music Library (Tokyo, Japan)$926006
=245  \\$aCatalogue of Rare Books and Notes
=260  \\$aTokyo$bNanki Music Library, the Ohki Collection$c1970
=650  \0$aLibrary$1http://www.wikidata.org/entity/Q7075$94229
=650  \0$aCatalogue$1http://www.wikidata.org/entity/Q2352616$921484
=651  \0$aTokyo (Japan)$1http://www.wikidata.org/entity/Q1490$9153
=942  \\$cBOO
=952  \\$00$10$2ddc$40$6BIB_4_000000000000000_JP_TOK$70$8BIB$910595$aORPH$bORPH$cKTS0$d2020-07-08$eKoopman$i38A10$l0$oBIB4 JP.TOK$p20122440$r2021-01-12 00:00:00$w2021-01-12$yBOO$OKoopman
=999  \\$d10608

