=LDR  00481aam a2200145   4500
=001  10609
=005  20251029111225.0
=008  251029s1928\\\\||||||||\c|||\00|\0\dut\d
=041  \\$adut
=100  \\$aWinkel, J. Ter$941695$4col
=245  \\$aCatalogus van de Bibliotheek van wijlen Prof. Dr. J. Te Winkel
=260  \\$c1928
=942  \\$cBOO
=952  \\$00$10$2ddc$40$70$8BIB$910596$aORPH$bORPH$cKTS0$d2020-07-08$eKoopman$i38A30$l0$p20130301$r2021-01-12 00:00:00$w2021-01-12$yBOO$OKoopman
=999  \\$d10609

