=LDR  00846aam a2200181   4500
=001  10610
=005  20250925143259.0
=008  220819s1959\\\\||||||||\c|||\00|\0\eng\d
=041  \\$aeng
=245  \\$aA Collection of Rarities and Curiosities property of a wellknown Dutch collector$bBook Auction Sale 13th January 1959
=260  \\$aUtrecht$bBeijers$c1959
=648  \0$a20th Century (1901-2000)$1http://www.wikidata.org/entity/Q6927$920936
=650  \0$aBook$1http://www.wikidata.org/entity/Q571$92285
=650  \0$aCollecting$1http://www.wikidata.org/entity/Q208165$92117
=651  \0$aNetherlands$1http://www.wikidata.org/entity/Q55$9173
=942  \\$cBOO
=952  \\$00$10$2ddc$40$6BIB_4_000000000000000_NL_UTR$70$8BIB$910597$aORPH$bORPH$cKTS0$d2020-07-08$eKoopman$i38A31$l0$oBIB4 NL.UTR$p20122421$r2021-01-12 00:00:00$w2021-01-12$yBOO$OKoopman
=999  \\$d10610

