=LDR  01059aam a2200229   4500
=001  10611
=008  250526s2017\\\\|||oa|||\||||\00|\0\spa\d
=020  \\$a9788461789061
=041  \\$aspa
=245  \\$aGuía de San Nicolas, Valencia
=260  \\$c2017$aValencia$bParroquia de San Nicolás, Valencia
=300  \\$a102 pages$bfolded pages
=610  \0$aSan Nícolas (Valencia, Spain)$1http://www.wikidata.org/entity/Q9007252$940244
=650  \0$1http://www.wikidata.org/entity/Q16970$93776$aChurch
=650  \0$aCatholicism$1http://www.wikidata.org/entity/Q1841$921631
=650  \0$aArchitecture$1http://www.wikidata.org/entity/Q12271$93185
=650  \0$aFine art$1http://www.wikidata.org/entity/Q219625$921579
=650  \0$aInterior design$1http://www.wikidata.org/entity/Q179232$921367
=651  \0$1http://www.wikidata.org/entity/Q8818$924140$aValencia (Spain)
=942  \\$cBOO
=952  \\$00$10$2ddc$40$6TOP_ES_VAL1$70$8TOP$910598$aORPH$bORPH$cKTS0$d2020-07-08$eKoopman$i47F02$l0$oTOP ES.VAL1$p20123807$r2021-01-12 00:00:00$w2021-01-12$yBOO$OKoopman
=999  \\$d10611

