=LDR  01662cam a2200289 a 4500
=001  10613
=005  20251003085458.0
=008  910701s1987\\\\fr\a\\\\\bc\\l000\0\fre\\
=041  \\$afre
=100  \\$4aut$aBerge-Gerbaud, Mària van$d1945-$913705
=245  10$aTableaux flamands et hollandais du Musée des beaux-arts de Quimper
=260  \\$aParis$bInstitut néerlandais$aQuimper$bLe Musée$c1987
=300  \\$axxxiv-101 pages$bill. (some col.)$c24 cm
=490  \\$aCollections flamandes et hollandaises des musées de province
=500  \\$aCatalog of an exhibition held at the Institut néerlandais, Paris, Mar. 13-Apr. 6, 1987, and organized by the Fondation Custodia and the Musée des beaux-arts de Quimper; catalog prepared by Mària van Berge-Gerbaud and others.
=504  \\$aIncludes bibliographical references (p. 77-79).
=610  \0$aMusée des Beaux-Arts de Quimper (France)$1http://www.wikidata.org/entity/Q3330220$91542
=648  \0$a17th Century (1601-1700)$1http://www.wikidata.org/entity/Q7016$920923
=650  \0$aFine art$1http://www.wikidata.org/entity/Q219625$921579
=650  \0$aCatalogue$1http://www.wikidata.org/entity/Q2352616$921484
=650  \0$aExhibition$1http://www.wikidata.org/entity/Q464980$925353
=651  \0$aFlanders (Belgium)$1http://www.wikidata.org/entity/Q234$989
=651  \0$aNetherlands$1http://www.wikidata.org/entity/Q55$9173
=651  \0$aQuimper (France)$1http://www.wikidata.org/entity/Q342$939333
=942  \\$cBOO
=952  \\$00$10$2ddc$40$6TOP_BE_FLA_0_000000000000000$70$8TOP$910600$aORPH$bORPH$cKTS0$d2020-07-08$eKoopman$i18D15$oTOP BE.FLA 0$p20125059$r2021-01-12 00:00:00$w2021-01-12$yBOO
=999  \\$d10613

