=LDR  01037aam a2200217   4500
=001  10614
=005  20250926134856.0
=008  231009s1982\\\\||||||||\||||\00|\0dger\d
=041  \\$ager
=245  \\$aBach Tage:$bTexte und Vortrag
=260  \\$c1982
=505  \\$gTexte der Vokalwerke -- Bach und Quintilian. Die Institutio oratoria als Modell des Musikalischen Opfers / U. Kirkendale
=600  \0$1http://www.wikidata.org/entity/Q1339$aBach, Johann Sebastian$d1685-1750$94766
=600  \0$1http://www.wikidata.org/entity/Q193769$aQuintilian$d35-96$95436
=648  \0$1http://www.wikidata.org/entity/Q7015$a18th Century (1701-1800)$920899
=650  \0$1http://www.wikidata.org/entity/Q685884$aVocal music$93319
=650  \0$1http://www.wikidata.org/entity/Q131084$aLibretto$94031
=650  \0$1http://www.wikidata.org/entity/Q81009$aRhetoric$93894
=942  \\$cBOO
=952  \\$00$10$40$6BIO_BACH1_E$70$8BIO$910601$aORPH$bORPH$cKTS1_P$d2020-07-08$eKoopman$i19A53$oBIO BACH1 e$p20125128$r2021-01-12 00:00:00$w2021-01-12$yBOO$OKoopman
=999  \\$d10614

