=LDR  03908cam a2200433 a 4500
=001  10615
=005  20250121142126.0
=008  880308s1986\\\\it\afg\\\b\\\\101\0\mul\\
=020  \\$a8822234421
=040  \\$aOI
=041  0\$aita$aeng
=245  00$aGaluppiana 1985:$bstudi e ricerche
=260  \\$aFlorence$bOlschki$c1986
=300  \\$aviii-342 pages, [2] pages of plates$billustrations, music$c25 cm
=490  \\$aQuaderni della Rivista italiana di musicologia$v13
=500  \\$aAt head of title: Società italiana di musicologia.
=504  \\$aIncludes bibliographical references and index.
=505  \\$aLe musiche di Galuppi nelle biblioteche di Venezia / F. Rossi (1) -- Suggestioni biografiche: in margine alla morte di Baldassarre Galuppi / L. Megna & E. Garino (69) -- I maestri di Coro dei Mendicanti e la Cappella Marciana / G. Vio (95) -- Alla corte imperiale di Pietroburgo: Fortuna delle opere di Baldassarre Galuppi in Russia / D. Carboni (113) -- Una disavvantura di pre Iseppo Baldan, copista del Galuppi / G. Cozzi (127) -- I teatri veneziani al tempo della collaborazione di Galuppi con Goldoni / N. Mangini (133) -- Da "L'Arcadia in Brenta" a "La Diavolessa" di Goldoni e Galuppi: Una via alla riforma dell'opera italiana / C. Gallico (143) -- Baldassare Galuppi fra opera seria e opera buffa / R. Wiesend (153) -- Per una descrizione tipologica della "Introduzione" nell'Opera buffa del settecento e particolarmente nei drammi giocosi di Carlo Goldoni en Baldassarre Galuppi / S. Kunze (165) -- "L'Adamo" o della ricerca / F. Piva (179) -- Prassi vocale e strumentale in Baldassarre Galuppi: la retorica degli affetti e lo stile galante / L. Rovighi (191) -- Le opere sacre di Baldassarre Galuppi nel tempo del suo servizio agli "Incurabili" / H. Geyer-Kiefl (203) -- Galuppi a Vienna: Artaserse / M. Delogu (225) -- Metastasio e Galuppi a Vienna / E. Sala di Felice (257) -- Galuppi, Tenducci, and "Montezuma": a commentary on the history and musical style of Opera seria after 1750 / D. E. Monson (279) -- "La Vittoria d'Imeneo" (1750): una festa musicale di Galuppi e l'organizzazione spettacolare / M. Viale Ferrero (301) -- Le sonate per cembalo di Baldassarre Galuppi / E. Sartori (327)
=590  \\$aAtti del convegno internazionale (Venezia, 28-30 ottobre 1985) / a cura di Maria Teresa Muraro e Franco Rossi.
=600  \0$aGaluppi, Baldassare$d1706-1785$1http://www.wikidata.org/entity/Q208338$95847
=600  \0$aMetastasio, Pietro$d1698-1782$1http://www.wikidata.org/entity/Q29473$96031
=610  \0$aOspedale di Santa Maria dei Derelitti (Venice, Italy)$1http://www.wikidata.org/entity/Q3668820$923058
=610  \0$aBasilica di San Marco (Venice, Italy)$1http://www.wikidata.org/entity/Q172988$920989
=648  \0$a18th Century (1701-1800)$1http://www.wikidata.org/entity/Q7015$920899
=650  \0$aOpera$1http://www.wikidata.org/entity/Q1344$92468
=650  \0$aCourt$922191
=650  \0$aTheater$1http://www.wikidata.org/entity/Q24354$92225
=650  \0$aRhetoric$1http://www.wikidata.org/entity/Q81009$93894
=650  \0$aGalant style$1http://www.wikidata.org/entity/Q1141686$923059
=650  \0$aSonata$1http://www.wikidata.org/entity/Q131269$921653
=650  \0$aHarpsichord$1http://www.wikidata.org/entity/Q81982$92125
=651  \0$aVenice (Italy)$1http://www.wikidata.org/entity/Q641$91
=651  \0$aSaint Petersburg (Russia)$1http://www.wikidata.org/entity/Q656$923056
=651  \0$aVienna (Austria)$1http://www.wikidata.org/entity/Q1741$920937
=700  \\$aMuraro, Maria Teresa$d1919-2003$4edt$1http://www.wikidata.org/entity/Q59628264$913707
=700  1\$aRossi, Franco$d1953-$4edt$1http://www.wikidata.org/entity/Q61481758$913191
=942  \\$cBOO
=952  \\$00$10$2ddc$40$6BIO_GALU_E$70$8BIO$910602$aORPH$bORPH$cKTS1_P$d2020-07-08$eKoopman$i19B47$l1$oBIO GALU e$p20125073$r2024-04-17 00:00:00$s2024-04-08$w2021-01-12$yBOO
=999  \\$d10615

