=LDR  00946    a2200229   4500
=001  10617
=008  210830s1985\\\\\\\|||||\||||\00|\0\mul\d
=041  \\$afre$aeng
=100  \\$aSzwalbe, Andrzej Jan $d1923-2002$4edt$1http://www.wikidata.org/entity/Q9153746$922091
=245  \\$aRumania
=260  \\$aBydgoszcz$bFilharmonia Pomorska im I. J. Paderewskiego w Boydgoszczy$c1985
=300  \\$a63 pages
=490  \\$aMusica antiqua$vSupplementum
=650  \0$aMusic history$1http://www.wikidata.org/entity/Q846047$921373
=651  \0$aRomania$1http://www.wikidata.org/entity/Q218$922099
=700  \\$4ctb$aBarbu-Bucur, Sebastian$922095
=700  \\$4ctb$aGhircoiașiu, Romeo$922096
=700  \\$4ctb$aMoisescu, Titus$922097
=700  \\$4ctb$aMráček, Jaroslav J. S.$922098
=942  \\$cBOO
=952  \\$00$10$2ddc$40$6TOP_RO$70$8TOP$910604$aORPH$bORPH$cKTS0$d2020-07-08$eKoopman$i19C12$oTOP RO$p20127924$r2021-01-12 00:00:00$w2021-01-12$yBOO
=999  \\$d10617

