=LDR  01344pam a2200277 a 4500
=001  10618
=005  20251103124736.0
=008  940513s1994\\\\-usa\\\\\b\\\\000\0deng\\
=020  \\$a0945193440
=041  \\$aeng
=245  04$aThe Organist as Scholar.$bEssays in Memory of Russell Saunders 
=260  \\$aStuyvesant, NY$bPendragon Press$c1994
=300  \\$axiii-297 pages$bill. $c24 cm
=490  \\$aFestschrift series$vno. 12
=504  \\$aIncludes bibliographical references.
=505  0\$aPedagogy of the organ -- Issues of performance practice -- Studies of musical sources -- Historical studies.
=650  \0$aOrgan music$1http://www.wikidata.org/entity/Q2003283$91951
=650  \0$aOrgan music$1http://www.wikidata.org/entity/Q2003283$91951
=650  \0$aHistorically informed performance$1http://www.wikidata.org/entity/Q1344860$920980
=650  \0$aMusic history$1http://www.wikidata.org/entity/Q846047$921373
=650  \0$aMusical interpretation$1http://www.wikidata.org/entity/Q1668139$94533
=700  \\$aSaunders, Russell$d1921-1992$4dte$913708
=700  \\$aSnyder, Kerala J.$4edt$1http://www.wikidata.org/entity/Q18628136$913709
=942  \\$cBOO
=952  \\$00$10$2ddc$40$6INS_3_000000000000000_1D$70$8INS$910605$aORPH$bORPH$cKTS0$d2020-07-08$eKoopman$i19C24$oINS3.1d$p20127906$r2021-01-12 00:00:00$w2021-01-12$yBOO
=999  \\$d10618

