=LDR  05716cam a2200421 a 4500
=001  10619
=005  20250926134856.0
=008  830816s1983\\\\gw\acfg\\b\\\\010\0\ger\\
=020  \\$a3761806833
=040  \\$aOI
=041  0\$ager$aeng
=100  \\$4dte$aDürr, Alfred$d1918-2011$1http://www.wikidata.org/entity/Q84411$910643
=245  00$aBachiana et alia musicologica.$bFestschrift Alfred Dürr zum 65. Geburtstag am 3. März 1983
=260  \\$aKassel$aNew York$bBärenreiter$c1983
=300  \\$ax-379 pages$billustrations, portraits, music$c25 cm
=504  \\$aBibliography of A. Dürr's works: p. 369-379.
=504  \\$aIncludes bibliographical references.
=505  \\$gDie Texte zu Johann Sebastian Bachs Choralkantaten / E. Axmacher -- Zur Problematik des Schützes wissenschaftlicher Ausgaben im deutschen Urheberrechtsgesetz / D. Berke -- Johann Sebastian Bach und das evangelische Kirchenlied zu seiner Zeit / W. Blankenburg -- The Aria and its Ritornello: The Questions of "Dominance" in Bach / P. Brainard -- Anmerkungen zu Bachs Parodieverfahren / G. von Dadelsen -- Christoph Graupner und das Formprinzip der Autobiographie / C. Dahlhaus -- Dona nobis pacem. Gedanken zu Schoberts späten Messen / W. Dürr -- Haydn und Bach. Versuch eines musikhistorischen Vergleichs / G. Feder -- Johann Sebastian Bach – Leipziger Wirken und Nachwirken / W. Felix -- Zum Cantus firmus in Bachs Kantate / W. Gerstenberg -- Bach-Quellen in Amerika / G. Herz -- Zur Musikpflege im Umkreis des Prinzen Maximilian von Hessen. Pietro Locatelli und Johann Sebastian Bach / H. Heussner -- Von der Urentsprechung zum Symbol. Versuch einer Systematisierung musikalischer Sinnbilder / L. Hoffmann-Erbrecht -- Zur Echtheit der Motette "Jauchzet dem Herrn, alle Welt" BWV.Anh.160 / K. Hofmann -- The earliest paper made by James Whatman the Elder (1702-1759) and its significance in relation to G. F. Händel and John Walsh / F. Hudson -- Zu einem Bachschen Tabulaturautograph / D. Kilian -- Der Gehrener Kantor Johann Christoph Bach (1673-1727) und seine Sammelbände mit Musik für Tasteninstrumente / Y. Kobayashi -- Zur mährischen Bachpflege in Amerika / A. Mann -- Editore traditore: Ein weiterer "Fall Rust"? / R. L. Marshall -- "Brich dem Hungrigen dein Brot". Das Evangelium zum ersten Sonntag nach Trinitatis in Predigten Luthers, Lehre und Auslegung der Orthodoxie, Bachs Kantatentexten und in heutigem Verständnis / U. Meyer -- Über die mutmaßlichen Beziehungen zwischen dem Leipziger Thomaskantor Bach und dem Leisniger Matthäikantor Stockmar / W. Neumann -- Zum Schicksal der Andr‚-Gerberschen Musikbibliothek / W. Plath -- Zum Wandel der Tonbeziehungen in der italienischen Musiktheorie des 16. Jahrhunderts / F. Rempp -- Bach Vs. Bach- Mühlhausen Dismissal Request vs. Erdmann Letter / W. H. Scheide -- "Monsieur Schouster"- ein vergessener Zeitgenosse Johann Sebastian Bachs / H. J. Schulze -- Brauchen wir heute ein neues Konzept für die Kirchenmusik? Aktuelle Überlegungen / O. Söhngen -- Zu einer umstrittenen Bach-Porträtzeichnung des 18. Jahrhunderts / M. Staehelin -- Bach im Gottesdienst heute. Zur Integration seines Vokalschaffens in gegenwärtige liturgische Praxis / J. Stalmann -- Die theologische Bedeutung der Doppelchörigkeit in Johann Sebastian Bachs "Matthäus-Passion" / L. & R. Steiger -- Regeriana I. Der junge Max Reger als Rezensent / R. Stephan -- "Mir ekelt mehr zu leben". Zur Textdeutung der Kantate "Vergnügte Ruth, beliebte Seelenlust"(BWV170) von Johann Sebastian Bach / G. Stiller -- Johann Sebastian Bachs Musik in Italien im 18. und 19. Jahrhundert / L. F. Tagliavini -- Was Theodor Fontane und die Bachforschung links liegen ließen / C. Trautmann -- The Dates of Mozart's Missa brevis KV.258 and Missa longa KV.262 (246a). An Investigation into his "Klein-Querformat" Papers / A. Tyson -- Zum Papier einiger Bach-Handschriften in der Goethe Notensammlung / W. Weiß -- "Die sonderbaren Vollkommenheiten des Herrn Hofcompositeurs". Versuch über die Eigenart der Bachschen Musik / C. Wolff -- Ein Besucher aus der Slowakei bei Johann Sebastian Bach / E. Zavarsky
=600  \0$aBach, Johann Sebastian$d1685-1750$1http://www.wikidata.org/entity/Q1339$94766
=600  \0$aSchütz, Heinrich$d1585-1672$1http://www.wikidata.org/entity/Q153643$97240
=600  \0$aBach, Johann Christoph$d1673-1727$1http://www.wikidata.org/entity/Q60825767$925465
=600  \0$aGraupner, Christoph$d1683-1760$1http://www.wikidata.org/entity/Q115067$99628
=600  \0$aHaydn, Joseph$d1732-1809$1http://www.wikidata.org/entity/Q7349$94783
=600  \0$aGoethe, Johann Wolfgang von$d1749-1832$1http://www.wikidata.org/entity/Q5879$911175
=600  \0$aMozart, Wolfgang Amadeus$d1756-1791$1http://www.wikidata.org/entity/Q254$95341
=600  \0$aReger, Max$d1873-1916$1http://www.wikidata.org/entity/Q57139$918199
=648  \0$a16th Century (1501-1600)$1http://www.wikidata.org/entity/Q7017$920944
=648  \0$a18th Century (1701-1800)$1http://www.wikidata.org/entity/Q7015$920899
=650  \0$aMusic history$1http://www.wikidata.org/entity/Q846047$921373
=650  \0$aMusic theory$1http://www.wikidata.org/entity/Q193544$92662
=650  \0$aChurch music$1http://www.wikidata.org/entity/Q8812109$92283
=650  \0$aTotalitarianism$1http://www.wikidata.org/entity/Q128135$923757
=651  \0$aGermany$1http://www.wikidata.org/entity/Q183$9155
=651  \0$aItaly$1http://www.wikidata.org/entity/Q38$922
=700  \\$aRehm, Wolfgang$d1929-2017$4edt$913710
=942  \\$cBOO
=952  \\$00$10$2ddc$40$6REF_4_000000000000000_DURR$70$8REF$910606$aORPH$bORPH$cKM12_1$d2020-07-08$eKoopman$i19C31$l0$oREF4 DURR$p20127899$r2021-01-12 00:00:00$w2021-01-12$yBOO
=999  \\$d10619

