=LDR  03525aam a2200361   4500
=001  10621
=008  210923s1981\\\\\\\g||||\||||\00|\0\ger\d
=020  \\$a3921518598
=041  \\$ager
=245  \\$aHamburger Jahrbuch für Musikwissenschaft$n5$pDie frühdeutsche Oper und ihre Beziehungen zu Italien, England und Frankreich; Mozart und die Oper seiner Zeit
=246  \1$aOpernsymposium 1978 in Hamburg
=260  \\$aLaaber$bLaaber-Verlag$c1981
=300  \\$a266 pages
=505  \\$gTelemanns Hamburger Opern und ihre italienischen und französische Vorbilder / Martin Ruhnke -- “Pimpinone” von Albinoni und Telemann: ein Vergleich / Hellmut Christian Wolff -- Die “tragedia per musica” als Repertoirestück: Zwei Hamburger Opern von Giuseppe Maria Orlandini / Reinhard Strohm -- Feinds und Keisers Masagniello furioso: Eine politische Oper? / Silke Leopold -- Opern Lullys in deutschsprachigen Bearbeitungen / Herbert Schneider -- Politische und wirtschaftliche Voraussetzungen der Hamburger Barockoper / Hans Joachim Marx -- Zur Verarbeitung italienischer Stoffe auf der Hamburger Gänsemarkt-Oper / Klaus Zelm -- Zum Affektbegriff der frühdeutschen Oper / Carl Dahlhaus -- Mozarts Jugendwerk: Tradition und Originalität / Stefan Kunze -- Stilebenen und Stilsynthese in den Opern Mozarts / Constantin Floros -- Gluck und Mozart / Gernot Gruber -- Mozart und Cimarosa / Friedrich Lippmann -- Myslivecek (1737-1781) und Gretry (1741-1813): Vorbilder Mozarts? / Christoph-Hellmuth Mahling -- Salieris "Tarare" (1787) und "Axur, Re d'Ormus" (1788). Vertonung eines Sujets für Paris und Wien / Rudolph Angermüller -- Die Rondo-Arie im späten 18. Jahrhundert: Dramatischer Gehalt und musikalischer Bau / Helge Lühning -- Zur Dramaturgie von Mozarts “Don Giovanni”: die beiden Fassungen Prag 1787 und Wien 1788 – ein philologisches Problem? / Wolfgang Rehm -- Mozarts “Titus” und die italienische Oper um 1800 / Daniel Heartz
=600  \0$aLully, Jean-Baptiste$d1632-1687$1http://www.wikidata.org/entity/Q1192$95867
=600  \0$aKeiser, Reinhard$d1674-1739$1http://www.wikidata.org/entity/Q436126$915629
=600  \0$aTelemann, Georg Philipp$d1681-1767$1http://www.wikidata.org/entity/Q75854$99287
=600  \0$aOrlandini, Giuseppe Maria$d1676-1760$1http://www.wikidata.org/entity/Q594181$923741
=600  \0$aGluck, Christoph Willibald$d1714-1787$1http://www.wikidata.org/entity/Q130759$96111
=600  \0$aMysliveček, Josef$d1737-1781$1http://www.wikidata.org/entity/Q313974$97990
=600  \0$aSalieri, Antonio$d1750-1825$1http://www.wikidata.org/entity/Q51088$96337
=600  \0$aMozart, Wolfgang Amadeus$d1756-1791$1http://www.wikidata.org/entity/Q254$95341
=648  \0$a17th Century (1601-1700)$1http://www.wikidata.org/entity/Q7016$920923
=648  \0$a18th Century (1701-1800)$1http://www.wikidata.org/entity/Q7015$920899
=650  \0$aOpera$1http://www.wikidata.org/entity/Q1344$92468
=650  \0$aMusic history$1http://www.wikidata.org/entity/Q846047$921373
=651  \0$aHamburg (Germany)$1http://www.wikidata.org/entity/Q1055$921940
=700  \\$4edt$aFloros, Constantin$d1930-$1http://www.wikidata.org/entity/Q1127841$923739
=700  \\$4edt$aMarx, Hans Joachim$d1935-$1http://www.wikidata.org/entity/Q18625182$912635
=700  \\$4edt$aPetersen, Peter$918894
=942  \\$cBOO
=952  \\$00$10$2ddc$40$6GEN_16_000000000000000$70$8GEN$910608$aORPH$bORPH$cKM12_1$d2020-07-08$eKoopman$i19C49$l1$oGEN16$p20127874$r2022-05-10 00:00:00$s2022-02-23$w2021-01-12$yBOO
=999  \\$d10621

