=LDR  05160aam a2200373   4500
=001  10622
=005  20250926134856.0
=008  210416t1969\\\\\\\|||||\||||\01|\0\mul\d
=041  \\$aeng$afre$ager$aita
=100  \\$aSzabolcsi, Bence$d1899-1973$4dte$1http://www.wikidata.org/entity/Q43855$916180
=245  \\$aBence Szabolicsi septuagenario
=260  \\$aKassel$bBärenreiter$c1969
=300  \\$a531 pages
=490  \\$aStudia Musicologica Academiæ Scientiarum Hungaricæ$v11
=500  \\$aBence Szabolcsi (1899-1973) was a Hungarian music historian. Along with Ervin Major, he can be considered the founder of scholarly study of the history of Hungarian music, and he was primarily responsible for creating an establishment for musicology in Hungary. He studied musicology at Leipzig University, gaining a doctorate in 1923 with a thesis on the Italian monodist composers Pierro Benedetti and Claudio Sarcini. He edited the first music dictionary in Hungarian, established the Department of Musicology at the Franz Liszt Academy of Music in 1951, and established the Bartók Archive in 1961.
=505  \\$gOn Bence Szabolsci's 70th Bithday / D. Bartha -- Bence Szabolsci's works / D. Bartha -- Verbal Inspiration in Dvor k's Instrumental Music / G. Abraham -- Thematic Profile and Character in the Quartet-Finales of Joseph Haydn / D. Bartha -- Renaissance-Elemente im deutschen Lied 1450-1500 / H. Besseler -- Ferenc Erkel über seine Oper Bánk bán / F. Bónis -- Variation ornementale dans l'interprétation d'un hymne copte / I. Borsai -- Le "Winterreise" et l'énigme de Schubert / J. Chailley -- Das Umsingen einer berühmten deutschen Singweise in Ungarn / K. Csomasz Tóth -- Diruta- Il Transilvano 1593 / Z. Falvy -- Der musikalische Genuß als ästhetisches Problem der Gegenwart / H. Federhofer -- Ein Beitrag zur Proportionenlehre in der zweiten Hälfte des 15. Jahrhunderts / R. Federhofer Königs -- Zum Wandel der abendländischen Musikauffassung / K. G. Fellerer -- Neue Tonleiter- und Sequenztypen in Liszts Frühwerken / Z. Gárdonyi -- Der Einfluß der Aufklärung auf J.S. Bachs künsterlisches Denken / K. Geiringer -- Zur Bedeutung der Klangfarbe im Musik-Erleben / W. Graf -- Les gammes populaires et le système chromatique dans l'oeuvre de Béla Bartók / J. Kárpáti -- Improvisation-Komposition. Überlegungen zu einem ungeklärten Problem der Musikgeschichte / G. Knepler -- Bartók Concert in New York on July 2, 1944 / G. Kroó -- F. Erkels Opern in Klausenburg (Kolozsvár, Cluj) und Bukarest / I. Lakatos -- Über die Formkonzeption Bartóks / E. Lendvai -- Liszt et la Belgique / A. vander Linden -- Folk Song Dead or Alive: Some Illustrations / J. Maróthy -- Der siebenbürgische Haiduckentanz / G. Martin -- Zu Werdegang und Strukturen der Paganini-Variationen op.35 für Klavier von Johannes Brahms / P. Mies -- West-Hungarian (Trans-Danubian) Characteristic Features in Bartók's Works / I. Olsvai -- Zur Frage der Verzierung im Choral / B. Rajeczky -- Salomon Sulzer, Joseph Mainzer and the Romantic a cappella Movement / A. L. Ringer -- Beiträge Spaniens und Portugals zur Musikentwicklung in Mitteleuropa / W. Salmen -- Die emphatische None / E. Schenk -- "Per finire" / L. Somfai -- Zur Musik der "erlauer Spiele" / W. Suppan -- The Musical Microcosm of the Hermit Thrush / P. Szöke, W. W. H. Gunn & M. Filip -- Dramatischer Bau und Philosophie in Beethovens VI. Symphonie / J. Ujfalussy -- Le folklore hongrois et l'Europe de l'Est / L. Vargyas -- Votiak Trichord Melodies / L. Vikár -- Liszt, Bayreuth's Forgotten Man / E. N. Waters -- Probleme vergleichender Liedbetrachtung / W. Weismann -- Grundsätzliche Betrachtungen über Symmetrie in der Musik des Westens / E. Werner -- Bach's Adaptations / J. A. Westrup
=600  \0$aBach, Johann Sebastian$d1685-1750$1http://www.wikidata.org/entity/Q1339$94766
=600  \0$aHaydn, Joseph$d1732-1809$1http://www.wikidata.org/entity/Q7349$94783
=600  \0$aBeethoven, Ludwig van$d1770-1827$1http://www.wikidata.org/entity/Q255$95335
=600  \0$aLiszt, Franz$d1811-1886$1http://www.wikidata.org/entity/Q41309$917400
=600  \0$aBartók, Béla$d1881-1945$1http://www.wikidata.org/entity/Q83326$916182
=650  \0$aMusic history$1http://www.wikidata.org/entity/Q846047$921373
=650  \0$aMusical analysis$1http://www.wikidata.org/entity/Q1544924$92775
=650  \0$aFolk music$1http://www.wikidata.org/entity/Q43343$921594
=650  \0$aEnlightenment$1http://www.wikidata.org/entity/Q12539$94532
=650  \0$aChorale$1http://www.wikidata.org/entity/Q724473$921334
=650  \0$aOrnamentation$1http://www.wikidata.org/entity/Q739589$922524
=650  \0$aArrangement$1http://www.wikidata.org/entity/Q379755$94282
=650  \0$aSymphony$1http://www.wikidata.org/entity/Q9734$92527
=651  \0$aHungary$1http://www.wikidata.org/entity/Q28$921233
=700  \\$4edt$aBartha, Dénes$d1908-1993$1http://www.wikidata.org/entity/Q1254530$99401
=942  \\$cBOO
=952  \\$00$10$2ddc$40$6REF_4_000000000000000_SZAB$70$8REF$910609$aORPH$bORPH$cKM12_1$d2020-07-08$eKoopman$i19D02$oREF4 SZAB$p20127871$r2021-01-12 00:00:00$w2021-01-12$yBOO
=999  \\$d10622

