=LDR  04321cam a2200565 a 4500
=001  10624
=005  20250926134856.0
=008  830222s1982\\\\gw\ag\\\\b\\\\100\0\ger\\
=041  \\$ager
=245  10$aGattung und Werk in der Musikgeschichte Norddeutschlands und Skandinaviens.$bReferate der Kieler Tagung 1980
=260  \\$aKassel$bBärenreiter$c1982
=300  \\$avii-179 pages$billustrations, music$c24 cm
=490  \\$aKieler Schriften zur Musikwissenschaft$v26
=500  \\$aConference sponsored by the Sonderforschungsbereich 17 of the Universität Kiel.
=504  \\$aIncludes bibliographical references.
=505  \\$gGattung- Probleme mit einem Interpretationsmodell der Musikgeschichtsschreibung / W. Arlt -- Das norwegische Lied im 19. Jahrhundert. Eine Skizze der soziopolitischen Voraussetzungen und der Bestrebungen nach einer nationalen Identität / F. Benestadt -- Instrumentale Gattungen im Schmelztiegel. Zur Orchestermusik von Johann Helmich Roman (1694-1758) / I. Bengtsson -- Zur Gattungsproblematik des Singballetts / W. Braun -- Der norddeutsche Orgelchoral und Johann Sebastian Bach / W. Breig -- Gattungsgeschichte und Werkinterpretation. Die Historie als Oper / C. Dahlhaus -- Mattheson und die Kirchenmusik / A. Forchert -- Die italienische Triosonata und Buxtehude. Beobachtungen zu Gattungsnorm und Individualstil / N. M. Jensen -- Die Kanzone in der norddeutsche Orgelmusik des 17. Jahrhunderts / D. Kämper -- Gattung und Werk: Zu Streichquartetten von Gade und Berwald / F. Krummacher -- Aspekte des Gattungsverständnisses in der Literaturwissenschaft / K. D. Müller -- Gattungsbedingte Unterschiede bei der Anwendung musikalischrhetorischer Figuren / M. Ruhnke -- Das Lyrische Klavierstück und der nordische Ton / H. W. Schwab
=600  \0$aBuxtehude, Dietrich$d1637-1707$1http://www.wikidata.org/entity/Q153637$910062
=600  \0$aRoman, Johan Helmich$d1694-1758$1http://www.wikidata.org/entity/Q349352$911488
=600  \0$aBach, Johann Sebastian$d1685-1750$1http://www.wikidata.org/entity/Q1339$94766
=600  \0$aMattheson, Johann$d1681-1764$1http://www.wikidata.org/entity/Q170333$95222
=600  \0$aGade, Niels$d1817-1890$1http://www.wikidata.org/entity/Q154632$96496
=600  \0$aBerwald, Franz$d1796-1868$1http://www.wikidata.org/entity/Q217044$99567
=648  \0$a17th Century (1601-1700)$1http://www.wikidata.org/entity/Q7016$920923
=648  \0$a18th Century (1701-1800)$1http://www.wikidata.org/entity/Q7015$920899
=648  \0$a19th Century (1801-1900)$1http://www.wikidata.org/entity/Q6955$920935
=650  \0$aMusic history$1http://www.wikidata.org/entity/Q846047$921373
=650  \0$aHistoriography$1http://www.wikidata.org/entity/Q50675$921801
=650  \0$aSong$1http://www.wikidata.org/entity/Q7366$94164
=650  \0$aInstrumental music$1http://www.wikidata.org/entity/Q639197$92106
=650  \0$aBallet$1http://www.wikidata.org/entity/Q41425$94412
=650  \0$aChorale$1http://www.wikidata.org/entity/Q724473$921334
=650  \0$aOrgan music$1http://www.wikidata.org/entity/Q2003283$91951
=650  \0$aOpera$1http://www.wikidata.org/entity/Q1344 $92468
=650  \0$aChurch music$1http://www.wikidata.org/entity/Q8812109$92283
=650  \0$aTrio sonata$1http://www.wikidata.org/entity/Q903425$921654
=650  \0$aCanzona$1http://www.wikidata.org/entity/Q207683$924395
=650  \0$aString quartet$1http://www.wikidata.org/entity/Q207338$94110
=650  \0$aLiterature$1http://www.wikidata.org/entity/Q8242$94439
=650  \0$aRhetoric$1http://www.wikidata.org/entity/Q81009$93894
=650  \0$aKeyboard music$1http://www.wikidata.org/entity/Q105715630$921412
=651  \0$aGermany$1http://www.wikidata.org/entity/Q183$9155
=651  \0$aNorway$1http://www.wikidata.org/entity/Q20$921700
=651  \0$aItaly$1http://www.wikidata.org/entity/Q38$922
=651  \0$aDenmark$1http://www.wikidata.org/entity/Q35$921295
=651  \0$aScandinavia$1http://www.wikidata.org/entity/Q21195$922682
=700  \\$aKrummacher, Friedhelm$d1936-$4edt$911915
=700  \\$aSchwab, Heinrich W.$d1938-2025$4edt$913713
=942  \\$cBOO
=952  \\$00$10$2ddc$40$6TOP_DE_0_000000000000000$70$8TOP$910611$aORPH$bORPH$cKTS0$d2020-07-08$eKoopman$i19D32$l0$oTOP DE 0$p20127836$r2021-01-12 00:00:00$w2021-01-12$yBOO$OKoopman
=999  \\$d10624

