=LDR  01131cam a22002894a 4500
=001  10625
=005  20250120115938.0
=008  031222s1987\\\\it\a\\\\\b\\\\101\0\ita\\
=010  \\$a  
=020  \\$a8822235215
=041  0\$aita$dfre$deng$dger
=042  \\$apcc
=100  \\$4cur$aFerrari Barassi, Elena$913714
=245  00$aPer una carta europea del restauro:$bConservazione, restauro e riuso degli strumenti musicali antichi
=260  \\$aFlorence$bOlschki$c1987
=300  \\$avi-462 pages
=490  \\$aQuaderni della Rivista italiana di musicologia$v15
=504  \\$aIncludes bibliographical references and index
=546  \\$aItalian, English, French, and German
=561  \\$aEx Libris Ton Koopman
=650  \0$aOrganology$1http://www.wikidata.org/entity/Q899293$921400
=650  \0$aOrganology$1http://www.wikidata.org/entity/Q899293$921400
=651  \0$aEurope$1http://www.wikidata.org/entity/Q46$991
=700  \\$aLaini, Marinella$913715
=942  \\$cBOO
=952  \\$00$10$2ddc$40$6INS_1A$70$8INS$910612$aORPH$bORPH$cKTS0$d2020-07-08$eKoopman$i20B08$oINS1a$p20128002$r2021-01-12 00:00:00$w2021-01-12$yBOO
=999  \\$d10625

