=LDR  01787    a2200325   4500
=001  10626
=005  20250925143259.0
=008  211122s1976\\\\\\\|||||\f|||\00|\0\dut\d
=041  \\$adut
=245  \\$aSyllabus barokcursus
=260  \\$bRMS$c1976
=500  \\$aPhotocopy
=505  \\$aInleiding / T. de Vree -- Continuospel in heden en verleden / T. Koopman -- Articulatie en frasering / B. Kuijken -- Ritmische notatie / K. Vellekoop -- Tempo en dansvormen / K. Vellekoop -- Versieringspraktijk / K. Vellekoop
=648  \0$a17th Century (1601-1700)$1http://www.wikidata.org/entity/Q7016$920923
=648  \0$a20th Century (1901-2000)$1http://www.wikidata.org/entity/Q6927$920936
=650  \0$aHistorically informed performance$1http://www.wikidata.org/entity/Q1344860$920980
=650  \0$aMethod$1http://www.wikidata.org/entity/Q2250960$921402
=650  \0$aBaroque$1http://www.wikidata.org/entity/Q37853$921255
=650  \0$aMusic education$1http://www.wikidata.org/entity/Q27908$921766
=650  \0$aArticulation$1http://www.wikidata.org/entity/Q372923$922209
=650  \0$aBasso continuo$1http://www.wikidata.org/entity/Q724321$921065
=650  \0$aRhythm$1http://www.wikidata.org/entity/Q170406$92724
=651  \0$aNetherlands$1http://www.wikidata.org/entity/Q55$9173
=700  \\$4win$aVree, T. de$923005
=700  \\$4ctb$aKoopman, Ton$d1944-$1http://www.wikidata.org/entity/Q445121$910491
=700  \\$4ctb$aKuijken, Barthold$d1949-$1http://www.wikidata.org/entity/Q749926$920868
=700  \\$4ctb$aVellekoop, Kees$d1940-2002$1http://www.wikidata.org/entity/Q16912253$914938
=942  \\$cBOO
=952  \\$00$10$2ddc$40$6GHM_5_000000000000000$70$8GHM$910613$aORPH$bORPH$cKM12_1$d2020-07-08$eKoopman$i20B14$oGHM5$p20127996$r2021-01-12 00:00:00$w2021-01-12$yBOO
=999  \\$d10626

