=LDR  00356    a2200109   4500
=001  10627
=100  \\$as.n.$913703
=245  \\$aBrabants organistenmaker
=260  \\$c1980
=942  \\$cBOO
=952  \\$00$10$2ddc$40$6BIO_HOUE_E$70$8BIO$910614$aORPH$bORPH$cKTS1_P$d2020-07-08$eKoopman$i20B31$oBIO HOUE e$p20127973$r2021-01-12 00:00:00$w2021-01-12$yBOO$OKoopman
=999  \\$c10627$d10627

