=LDR  00830aam a2200193   4500
=001  10630
=008  230329s1968\\\\|||a||||\||||\00|\0bfre\d
=041  \\$afre
=245  \\$aZurbarán
=260  \\$aParis$bHachette$c1968
=300  \\$a16 pages$billustrations (color)
=490  \\$aChefs-d'œuvre de l'art : Grands peintres$v83
=600  \0$aZurbarán, Francisco de$d1598-1664$1http://www.wikidata.org/entity/Q209615$925953
=648  \0$a17th Century (1601-1700)$1http://www.wikidata.org/entity/Q7016$920923
=650  \0$aFine art$1http://www.wikidata.org/entity/Q219625$921579
=651  \0$aSpain$1http://www.wikidata.org/entity/Q29$920983
=942  \\$cBOO
=952  \\$00$10$2ddc$40$6BIO_ZURB_A$70$8BIO$910617$aORPH$bORPH$cKTS1_P$d2020-07-08$eKoopman$i21G32$l0$oBIO ZURB a$p20125561$r2021-01-12 00:00:00$w2021-01-12$yBOO$OKoopman
=999  \\$d10630

