=LDR  01154aam a2200253   4500
=001  10631
=008  250616s1998\\\\|||oa|||\b|||\00|\0\fre\d
=041  \\$afre
=100  \\$aGoetz, Adrien$d1966-$1http://www.wikidata.org/entity/Q2825183$940386$4aut
=245  \\$aGuide du Château de Blois
=246  \1$aBlois
=260  \\$c1998$aParis$bL'Oeil
=300  \\$a82 pages
=610  \0$aChateau de Blois (France)$1http://www.wikidata.org/entity/Q4055$940387
=650  \0$aArchitecture$1http://www.wikidata.org/entity/Q12271$93185
=650  \0$aFine art$1http://www.wikidata.org/entity/Q219625$921579
=650  \0$aInterior design$1http://www.wikidata.org/entity/Q179232$921367
=650  \0$aApplied arts$1http://www.wikidata.org/entity/Q2865882$921627
=650  \0$aCourt$1http://www.wikidata.org/entity/Q1134237$922191
=650  \0$aHistory$1http://www.wikidata.org/entity/Q309$921403
=651  \0$aBlois (France)$1http://www.wikidata.org/entity/Q160927$940388
=942  \\$cBOO
=952  \\$00$10$2ddc$40$6TOP_FR_BLO$70$8TOP$910618$aORPH$bORPH$cKTS0$d2020-07-08$eKoopman$i22F03$l0$oTOP FR.BLO$p20128859$r2021-01-12 00:00:00$w2021-01-12$yBOO$OKoopman
=999  \\$d10631

