=LDR  00379    a2200121   4500
=001  10632
=020  \\$a9783957556417
=100  \\$as.n.$913703
=245  \\$aHof-compositeur Bach
=260  \\$cs.d.
=942  \\$cBOO
=952  \\$00$10$40$6BIO_BACH1_E$70$8BIO$910619$aORPH$bORPH$cKTS1_P$d2020-07-08$eKoopman$i22F34$oBIO BACH1 e$p20128832$r2021-01-12 00:00:00$w2021-01-12$yBOO$OKoopman
=999  \\$c10632$d10632

