=LDR  00907    a2200205   4500
=001  10634
=008  220614|\\\\\\\\-uk\||||\||||\00|\0\eng\d
=041  \\$aeng
=100  \\$as.n.$4aut$913703
=245  \\$aSherborne Abbey. A History of the Organs of the Church with a Description of the Present Instrument
=260  \\$c1984
=300  \\$a8 pages
=336  \\$aprinted
=610  \0$aSherborne Abbey (Dorset, United Kingdom)$1http://www.wikidata.org/entity/Q1262119$924357
=650  \0$aOrgan$1http://www.wikidata.org/entity/Q1444$92810
=650  \0$aOrganology$1http://www.wikidata.org/entity/Q899293$921400
=651  \0$aSherborne (Dorset, United Kingdom)$1http://www.wikidata.org/entity/Q586895$924358
=942  \\$cBOO
=952  \\$00$10$2ddc$40$6INS_3_000000000000000_1E_GB_SHE$70$8INS$910621$aORPH$bORPH$cKTS0$d2020-07-08$eKoopman$i24C67$oINS3.1e GB.SHE$p20128991$r2021-01-12 00:00:00$w2021-01-12$yBOO
=999  \\$d10634

