=LDR  00710    a2200193   4500
=001  10635
=008  220506s1963\\\\sp\f||||\||||\00|\0\spa\d
=041  \\$aspa
=100  \\$aReuter, Rudolf$d1920-1983$4aut$914694
=245  \\$aOrganos Españoles
=260  \\$c1963$aMadrid
=300  \\$a55 pages
=336  \\$aprinted
=650  \0$aOrgan$1http://www.wikidata.org/entity/Q1444$92810
=650  \0$aOrganology$1http://www.wikidata.org/entity/Q899293$921400
=651  \0$aSpain$1http://www.wikidata.org/entity/Q29$920983
=942  \\$cBOO
=952  \\$00$10$2ddc$40$6INS_3_000000000000000_1A_ES$70$8INS$910622$aORPH$bORPH$cKTS0$d2020-07-08$eKoopman$i24D48$oINS3.1a ES$p20129089$r2021-01-12 00:00:00$w2021-01-12$yBOO
=999  \\$d10635

