=LDR  00358    a2200109   4500
=001  10636
=100  \\$as.n.$913703
=245  \\$aFestschrift zum Bachjahr 1950
=260  \\$c1950
=942  \\$cBOO
=952  \\$00$10$40$6BIO_BACH1_E$70$8BIO$910623$aORPH$bORPH$cKTS1_P$d2020-07-08$eKoopman$i24D49$oBIO BACH1 e$p20129082$r2021-01-12 00:00:00$w2021-01-12$yBOO$OKoopman
=999  \\$c10636$d10636

