=LDR  00750    a2200193   4500
=001  10640
=008  220207s1982\\\\BE\fo|||\||||\00|\0\dut\d
=041  \\$adut
=100  \\$4aut$aVarious$94793
=245  \\$aOrgeltrip doorheen Oost-Vlaanderen. 11 september 1982. Programma
=260  \\$c1982$aEvergem
=300  \\$a26 pages
=336  \\$aprinted
=650  \0$aOrgan$1http://www.wikidata.org/entity/Q1444$92810
=650  \0$aOrgan music$1http://www.wikidata.org/entity/Q2003283$91951
=651  \0$aFlanders (Belgium)$1http://www.wikidata.org/entity/Q234$989
=942  \\$cBOO
=952  \\$00$10$2ddc$40$6INS_3_000000000000000_1A_BE$70$8INS$910627$aORPH$bORPH$cKTS0$d2020-07-08$eKoopman$i24G19$oINS3.1a BE$p20125816$r2021-01-12 00:00:00$w2021-01-12$yBOO
=999  \\$d10640

