=LDR  00983    a2200205   4500
=001  10642
=005  20250925143259.0
=008  230523s1951\\\\nl\afh||\||||\00|\0\dut\d
=041  \\$adut
=100  \\$aVarious$94793$4aut
=245  \\$aGedenboek bij gelegenheid van het 60-Jarig bestaan der Firma L. Verschueren c.v. Orgelbouwersbedrijf te Heythuysen (1891-1951)
=260  \\$c1951$aHeythuysen$bBeijnsberger
=300  \\$a65 pages
=610  \0$1http://www.wikidata.org/entity/Q2027477$aVerschueren family (Heythuysen and Ittervoort, Netherlands)$926447
=648  \0$1http://www.wikidata.org/entity/Q6927$a20th Century (1901-2000)$920936
=650  \0$1http://www.wikidata.org/entity/Q1444$aOrgan$92810
=650  \0$1http://www.wikidata.org/entity/Q899293$aOrganology$921400
=942  \\$cBOO
=952  \\$00$10$2ddc$40$6INS_3_000000000000000_1B_VERS$70$8INS$910629$aORPH$bORPH$cKTS0$d2020-07-08$eKoopman$i24G21$l0$oINS3.1b VERS$p20125814$r2021-01-12 00:00:00$w2021-01-12$yBOO$OKoopman
=999  \\$d10642

