=LDR  01006aam a2200217   4500
=001  10657
=008  220922b\\\\\\\\|||h||||\||||\00|\0\ger\d
=041  \\$ager
=100  \\$aNaumann, Hans$4win$925007
=245  \\$aDie Minnesinger in Bildern der Manessischen Handschrift
=260  \\$aLeipzig$bInsel$cs.d.
=490  \\$aInsel-Bücherei$v450
=610  \0$aRuprecht-Karls-Universität Heidelberg (Germany)$1http://www.wikidata.org/entity/Q151510$91311
=648  \0$aMiddle Ages (500-1400)$1http://www.wikidata.org/entity/Q12554$920964
=650  \0$aMinnesänger$1http://www.wikidata.org/entity/Q11781549$923659
=650  \0$aIconography$1http://www.wikidata.org/entity/Q208145$921259
=650  \0$aManuscript$1http://www.wikidata.org/entity/Q87167$92275
=651  \0$aGermany$1http://www.wikidata.org/entity/Q183$9155
=942  \\$cBOO
=952  \\$00$10$2ddc$40$6VIS_NAUM$70$8VIS$910644$aORPH$bORPH$cKTS1_H$d2020-07-08$eKoopman$i28E20$l0$oVIS NAUM$p20121365$r2021-01-12 00:00:00$w2021-01-12$yBOO$OKoopman
=999  \\$d10657

