=LDR  00771    a2200169   4500
=001  10658
=008  211122b\\\\\\\\\\\a||||\||||\00|\0\\\\\d
=100  \\$aKoopman, Ton$d1944-$4col$1http://www.wikidata.org/entity/Q445121$910491
=245  \\$aZwarte map met illustraties
=260  \\$cs.d.
=500  \\$aDepictions of musical instruments and musicians, collected by Ton Koopman
=650  \0$aIconography$1http://www.wikidata.org/entity/Q208145$921259
=650  \0$aOrganology$1http://www.wikidata.org/entity/Q899293$921400
=650  \0$aInstrumentalist$1http://www.wikidata.org/entity/Q1278335$921706
=942  \\$cEPH
=952  \\$00$10$2ddc$40$6VIS_KOOP$70$8VIS$910645$aORPH$bORPH$cKTS1_H$d2020-07-08$eKoopman$i29F30$oVIS KOOP$p20121252$r2021-01-12 00:00:00$w2021-01-12$yEPH
=999  \\$d10658

