=LDR  00974aam a2200217   4500
=001  10659
=005  20250926134856.0
=008  230106n\\\\\\\\|||a||||\||||\00|\0ddut\d
=041  \\$adut
=100  \\$aSikemeier, J. H.$4aut$925546
=245  \\$aAuthentieke Bach-portretten in verband met het in 1894 opgegraven gebeente van de Thomas-Cantor
=260  \\$aThe Hague$bAlbersen$cs.d.
=300  \\$billustrations
=600  \0$aBach, Johann Sebastian$d1685-1750$1http://www.wikidata.org/entity/Q1339$94766
=648  \0$a18th Century (1701-1800)$1http://www.wikidata.org/entity/Q7015$920899
=650  \0$aComposer$1http://www.wikidata.org/entity/Q36834$93625
=650  \0$aPortrait$1http://www.wikidata.org/entity/Q134307$92622
=651  \0$aGermany$1http://www.wikidata.org/entity/Q183$9155
=942  \\$cBOO
=952  \\$00$10$40$6BIO_BACH1_E$70$8BIO$910646$aORPH$bORPH$cKTS1_P$d2020-07-08$eKoopman$i30B49$oBIO BACH1 e$p20123377$r2021-01-12 00:00:00$w2021-01-12$yBOO$OKoopman
=999  \\$d10659

