=LDR  00341    a2200109   4500
=001  10665
=100  \\$as.n.$913703
=245  \\$aPrenten van Bach
=260  \\$cs.a.
=942  \\$cBOO
=952  \\$00$10$2ddc$40$6BIO_BACH0_B$70$8BIO$910652$aORPH$bORPH$cKTS1_P$d2020-07-08$eKoopman$i32B05$oBIO BACH0 b$p20122963$r2021-01-12 00:00:00$w2021-01-12$yBOO
=999  \\$c10665$d10665

