=LDR  01383    a2200241   4500
=001  10666
=008  220425b\\\\\\\\||||||||\||||\00|\0ddut\d
=041  \\$adut
=245  \\$aGrafschrift van Mr Jan Pietersz. Sweeling
=260  \\$aAmsterdam$bDe Harp$cs.d.
=490  \\$aDe Harp muziekfonds$v445
=600  \0$aSweelinck, Jan Pieterszoon$d1562-1621$1http://www.wikidata.org/entity/Q110294$911454
=648  \0$a16th Century (1501-1600)$1http://www.wikidata.org/entity/Q7017$920944
=648  \0$a17th Century (1601-1700)$1http://www.wikidata.org/entity/Q7016$920923
=650  \0$aComposer$1http://www.wikidata.org/entity/Q36834$93625
=650  \0$aOrganist$1http://www.wikidata.org/entity/Q765778$94471
=650  \0$aDeath$1http://www.wikidata.org/entity/Q4$94425
=651  \0$aAmsterdam (Netherlands)$1http://www.wikidata.org/entity/Q727$9135
=942  \\$cBOO
=952  \\$00$10$2ddc$40$6BIO_SWEE1_B$70$8BIO$910653$aORPH$bORPH$cKTS1_P$d2020-07-08$eKoopman$i32G16$oBIO SWEE1 b$p20122810$r2021-01-12 00:00:00$w2021-01-12$yBOO$OKoopman
=952  \\$00$10$2ddc$40$6BIO_SWEE1_B$70$8BIO$910654$aORPH$bORPH$cKTS1_P$d2020-07-08$eKoopman$i32G16$oBIO SWEE1 b$p20122809$r2021-01-12 00:00:00$w2021-01-12$yBOO$OKoopman
=952  \\$00$10$2ddc$40$6BIO_SWEE1_B$70$8BIO$910655$aORPH$bORPH$cKTS1_P$d2020-07-08$eKoopman$i32G16$oBIO SWEE1 b$p20122811$r2021-01-12 00:00:00$w2021-01-12$yBOO$OKoopman
=999  \\$d10666

