=LDR  01522aam a2200289   4500
=001  10672
=005  20251003085458.0
=008  210303s1971\\\\be\|||||\c|||\00|\0\ger\d
=041  \\$ager
=245  \\$aThematischer Katalog der Musikhandschriften der ehemaligen Klosterkirchen Weyarn, Tegernsee und Benediktbeuern
=260  \\$aMunich$bHenle$c1971
=300  \\$a196 pages$bwith incipits
=490  \\$aKataloge Bayerischer Musiksammlungen
=610  \0$aKloster Weyarn (Germany)$1http://www.wikidata.org/entity/Q1235580$926777
=610  \0$aKloster Tegernsee (Germany)$1http://www.wikidata.org/entity/Q448527$926778
=610  \0$aKloster Benediktbeuern (Germany)$1http://www.wikidata.org/entity/Q533082$926779
=650  \0$aLibrary$1http://www.wikidata.org/entity/Q7075$94229
=650  \0$aChurch music$1http://www.wikidata.org/entity/Q8812109$1http://www.wikidata.org/entity/Q1065742$92283
=650  \0$aCatalogue$1http://www.wikidata.org/entity/Q2352616$921484
=650  \0$aMonastery$1http://www.wikidata.org/entity/Q44613$926216
=650  \0$aManuscript$1http://www.wikidata.org/entity/Q87167$92275
=651  \0$aBavaria (Germany)$1http://www.wikidata.org/entity/Q980$9228
=700  \\$4aut$aMünster, Robert$d1928-2021$1http://www.wikidata.org/entity/Q2158321$914961
=700  \\$4aut$aMachold, Robert$911493
=942  \\$cBOO
=952  \\$00$10$2ddc$40$6BIB_4_000000000000000_DE_BAV$70$8BIB$910659$aORPH$bORPH$cKTS0$d2020-07-08$eKoopman$i34D22$oBIB4 DE.BAV$p20120841$r2021-01-12 00:00:00$w2021-01-12$yBOO
=999  \\$d10672

