=LDR  00382    a2200121   4500
=001  10673
=020  \\$a9789040091292
=100  \\$as.n.$913703
=245  \\$aRembrandt Caravaggio
=260  \\$c2006
=942  \\$cBOO
=952  \\$00$10$2ddc$40$6BIO_REMB_E$70$8BIO$910660$aORPH$bORPH$cKTS1_P$d2020-07-08$eKoopman$i34D26$oBIO REMB e$p20120835$r2021-01-12 00:00:00$w2021-01-12$yBOO$OKoopman
=999  \\$c10673$d10673

