=LDR  01569    a2200301   4500
=001  10677
=005  20251003085458.0
=008  211008b\\\\\\\\|||f||||\||||\00|\0\dut\d
=041  \\$adut
=100  \\$4aut$aBalfoort, Dirk Jacobus$1http://www.wikidata.org/entity/Q26700051$922450
=245  \\$aDe oude Nederlandsche muziekinstrumenten in het Museum Scheurleer
=250  \\$aDerde serie van net bulletin van der Nederlandschen Oudheidkudigen bond 
=300  \\$a15 pages
=561  \\$a"Hommage de l'Auteur" (manuscript)
=590  \\$aOverdruk uit het Oudheidkundig jaarboek
=600  \0$aScheurleer, Daniel François$d1855-1927$1http://www.wikidata.org/entity/Q3976286$95584
=610  \0$aMuziekhistorisch Museum Scheurleer (The Hague, Netherlands)$1http://www.wikidata.org/entity/Q28148509$922452
=648  \0$a17th Century (1601-1700)$1http://www.wikidata.org/entity/Q7016$920923
=648  \0$a18th Century (1701-1800)$1http://www.wikidata.org/entity/Q7015$920899
=648  \0$a19th Century (1801-1900)$1http://www.wikidata.org/entity/Q6955$920935
=650  \0$aCatalogue$1http://www.wikidata.org/entity/Q2352616$921484
=650  \0$aMusic$92062
=650  \0$aOrganology$1http://www.wikidata.org/entity/Q899293$921400
=650  \0$aCollecting$1http://www.wikidata.org/entity/Q208165$92117
=651  \0$aThe Hague (Netherlands)$1http://www.wikidata.org/entity/Q36600$910
=942  \\$cBOO
=952  \\$00$10$2ddc$40$6INS_1B_NL_HAG$70$8INS$910664$aORPH$bORPH$cKTS0$d2020-07-08$eKoopman$i34E08$oINS1b NL.HAG$p20120821$r2021-01-12 00:00:00$w2021-01-12$yBOO
=999  \\$d10677

