=LDR  01392cam a2200289 a 4500
=001  10681
=005  20250120120523.0
=008  830115s1981\\\\fr\a\\\\\cb\\f001\0\fre\\
=020  \\$a2711801918 :$c130F
=040  \\$aOI
=041  \\$afre
=245  04$aLes fastes du gothique :$ble siècle de Charles V
=260  \\$aParis$bMinistère de la culture, Editions de la Réunion des musées nationaux$c1981
=300  \\$a461 pages$bill. (some col.)$c25 cm
=500  \\$aIncludes index.
=504  \\$aBibliography: p. 436-447.
=590  \\$aPrésentation de l'exposition conçue et réalisée par Bruno Donzet et Christian Siret avec la collaboration des équipes techniques du Musée du Louvre et des Galeries nationales du Grand Palais
=600  \0$aCharles V$cHoly Roman Emperor$d1500-1558$1http://www.wikidata.org/entity/Q32500$920948
=648  \0$aMiddle Ages (500-1400)$1http://www.wikidata.org/entity/Q12554$920964
=650  \0$aFine art$1http://www.wikidata.org/entity/Q219625$921579
=650  \0$aGothic style$1http://www.wikidata.org/entity/Q11303546$922843
=651  \0$aFrance$1http://www.wikidata.org/entity/Q142$9131
=700  \\$aDonzet, Bruno$4aut$913718
=700  \\$aSiret, Christian$913719
=942  \\$cBOO
=952  \\$00$10$2ddc$40$6VIS_FAST$70$8VIS$910668$aORPH$bORPH$cKTS1_H$d2020-07-08$eKoopman$i41A12$oVIS FAST$p20120205$r2021-01-12 00:00:00$w2021-01-12$yBOO
=999  \\$d10681

