=LDR  00376    a2200109   4500
=001  10682
=100  \\$as.n.$913703
=245  \\$aMusik aus Porzellan
=260  \\$c2012
=942  \\$cBOO
=952  \\$00$10$2ddc$40$6VIS_KALE_2012_000000000000000$70$8VIS$910669$aORPH$bORPH$cKTS1_H$d2020-07-08$eKoopman$i41F23$l0$oVIS KALE 2012$p20130257$r2021-01-12 00:00:00$w2021-01-12$yBOO$OKoopman
=999  \\$c10682$d10682

