=LDR  00731aam a2200157   4500
=001  10685
=008  230922s1895\\\\||||||||\||||\00|\0\ger\d
=041  \\$ager
=100  \\$aFles, Anna$d1854-1906$1http://www.wikidata.org/entity/Q17351320$4edt$926521
=245  \\$aEin Büchlein von der Singekunst aus einigen Werken älterer Meister zusammengestellt
=260  \\$aUtrecht$bWagenaar$aLeipzig$bBreitkopf & Härtel$c1895
=561  \\$aHandwritten dedication by the author to (Hugo?) Nolthenius, 1895
=650  \0$1http://www.wikidata.org/entity/Q685884$aVocal music$93319
=942  \\$cBOO
=952  \\$00$10$2ddc$40$70$910672$aORPH$bORPH$cLOC_UNK$d2020-07-08$eKoopman$i43G32$l0$p20126775$r2021-01-12 00:00:00$w2021-01-12$yTYPE_UNK$OKoopman
=999  \\$d10685

