=LDR  01649cam a2200301 a 4500
=001  10686
=005  20251003085458.0
=008  960808s1995\\\\po\am\\\\b\\\\001\0\por\\
=020  \\$a9729559732
=040  \\$aOI
=041  \\$apor
=110  \\$aSanta Casa da Misericórdia de Lisboa (Portugal)$1http://www.wikidata.org/entity/Q3122827$91549
=245  10$aFundo Musical, século XVI ao século XIX
=260  \\$aLisboa$bSanta Casa da Misericórdia de Lisboa$bMuseu de São Roque$c1995 [?]
=300  \\$axxx, 295 p. :$bill. (some col.) ;$c30 cm. +$e1 sound disc (digital ; 4 3/4 in.)
=490  \\$aColecção património artístico, histórico e cultural da Santa Casa da Misericórdia de Lisboa$v2
=500  \\$a"Musicólogo que descreveu as obras: José Maria Pedrosa Cardoso (catalogação com a colaboração de Francisco d'Orey Manoel)"--T.p. verso.
=504  \\$aIncludes bibliographical references (p. 257-259) and indexes.
=610  \0$aSanta Casa da Misericórdia de Lisboa (Portugal)$1http://www.wikidata.org/entity/Q3122827$91549
=650  \0$aPlainchant$1http://www.wikidata.org/entity/Q2707688$921363
=650  \0$aBibliography$1http://www.wikidata.org/entity/Q134995$93965
=650  \0$aCatalogue$1http://www.wikidata.org/entity/Q2352616$921484
=650  20$aCatholicism$1http://www.wikidata.org/entity/Q1841$921631
=700  \\$aCardoso, José Maria Pedrosa$4edt$913720
=700  \\$aManoel, Francisco d'Orey$4edt$913721
=942  \\$cBOO
=952  \\$00$10$2ddc$40$6BIB_PT_4_000000000000000$70$8BIB$910673$aORPH$bORPH$cKTS0$d2020-07-08$eKoopman$i45F01$l0$oBIB PT 4$p20127527$r2021-01-12 00:00:00$w2021-01-12$yBOO
=999  \\$c10686$d10686

