=LDR  01089aam a2200217   4500
=001  10689
=008  221125s2009\\\\||||||||\||||\00|\0dita\d
=020  \\$a9788895349091
=041  \\$aita
=100  \\$aStella, G.$4edt$925384
=245  \\$aGiuseppe Ottavio Pitoni e la musica del suo tempo.$bAtti del Convegno Internazionale di Studi, Rieti 28-29 Aprile 2008
=260  \\$aRome$bIstituto Italiano per la Storia della Musica$c2009
=600  \0$aPitoni, Giuseppe Ottavio$d1657-1743$1http://www.wikidata.org/entity/Q1528547$97262
=648  \0$a17th Century (1601-1700)$1http://www.wikidata.org/entity/Q7016$920923
=648  \0$a18th Century (1701-1800)$1http://www.wikidata.org/entity/Q7015$920899
=650  \0$aComposer$1http://www.wikidata.org/entity/Q36834$93625
=650  \0$aMusic history$1http://www.wikidata.org/entity/Q846047$921373
=651  \0$aItaly$1http://www.wikidata.org/entity/Q38$922
=942  \\$cBOO
=952  \\$00$10$2ddc$40$6BIO_PITO_E$70$8BIO$910676$aORPH$bORPH$cKTS1_P$d2020-07-08$eKoopman$i47F33$oBIO PITO e$p20123818$r2021-01-12 00:00:00$w2021-01-12$yBOO$OKoopman
=999  \\$d10689

