=LDR  01748aam a2200313   4500
=001  10691
=005  20251014164501.0
=008  231026s1988\\\\|||o||||\||||\00|\0dmul\d
=020  \\$a9071540146
=041  \\$adut$aeng
=110  \\$aFestival Oude Muziek Utrecht (Netherlands)$1http://www.wikidata.org/entity/Q2659124$4edt$926541
=245  \\$aHolland Festival Oude Muziek Utrecht:$bProgramma 26 augustus-4 september 1988
=260  \\$c1988$aUtrecht$bFestival Oude Muziek$bde Volkskrant
=500  \\$aNog geen RFID
=600  \0$aCavalli, Francesco$d1602-1676$1http://www.wikidata.org/entity/Q108062$911153
=600  \0$aPurcell, Henry$d1659-1695$1http://www.wikidata.org/entity/Q9695$95840
=600  \0$aBach, Carl Philipp Emanuel$d1714-1788$1http://www.wikidata.org/entity/Q76428$99218
=610  \0$aFestival Oude Muziek Utrecht (Netherlands)$1http://www.wikidata.org/entity/Q2659124$926541
=648  \0$a20th Century (1901-2000)$1http://www.wikidata.org/entity/Q6927$920936
=650  \0$aEarly music$1http://www.wikidata.org/entity/Q436016$93160
=650  \0$aHistorically informed performance$1http://www.wikidata.org/entity/Q1344860$920980
=650  \0$aPiano$1http://www.wikidata.org/entity/Q5994$92127
=651  \0$aUtrecht (Netherlands)$1http://www.wikidata.org/entity/Q803$9141
=651  \0$aUnited Kingdom$1http://www.wikidata.org/entity/Q21$9273
=700  \\$aJacobs, René$d1946-$1http://www.wikidata.org/entity/Q43393$4ctb$922410
=700  \\$aVeldhoven, Jos van$d1952-$1http://www.wikidata.org/entity/Q357747$4ctb$915223
=942  \\$cBOO
=952  \\$00$10$2ddc$40$6TOP_NL_7_000000000000000$70$8TOP$910678$aORPH$bORPH$cKTS0$d2020-07-08$eKoopman$l0$oTOP NL 7$p20132179$r2021-01-12 00:00:00$w2021-01-12$yBOO$OKoopman TS
=999  \\$d10691

