=LDR  01308    a2200241   4500
=001  10701
=008  211207s1958\\\\\\\|||||\||||\00|\0ddan\d
=041  \\$adan
=100  \\$aSørensen, Søren$d1920-2001$4aut$914975
=245  \\$aDiderich Buxtehudes vokale kirkemusik:$bStudier til den evangeliske kirkekantates udviklingshistorie + Nodebilag
=260  \\$aCopenhagen$bMunksgaard$c1958
=300  \\$a2 vols.
=600  \0$aBuxtehude, Dietrich$d1637-1707$1http://www.wikidata.org/entity/Q153637$910062
=648  \0$a17th Century (1601-1700)$1http://www.wikidata.org/entity/Q7016$920923
=650  \0$aComposer$1http://www.wikidata.org/entity/Q36834$93625
=650  \0$aChurch music$1http://www.wikidata.org/entity/Q8812109$92283
=650  \0$aVocal music$1http://www.wikidata.org/entity/Q685884$93319
=651  \0$aDenmark$1http://www.wikidata.org/entity/Q35$921295
=651  \0$aLübeck (Germany)$1http://www.wikidata.org/entity/Q2843$9125
=942  \\$cBOO
=952  \\$00$10$2ddc$3vol. 1$40$6BIO_BUXT_E$70$8BIO$910688$aORPH$bORPH$cKTS1_P$d2020-07-08$eKoopman$i33D38_01$oBIO BUXT e$p20122710$r2021-01-12 00:00:00$w2021-01-12$yBOO
=952  \\$00$10$2ddc$3vol. 2$40$6BIO_BUXT_E$70$8BIO$910689$aORPH$bORPH$cKTS1_P$d2020-07-08$eKoopman$i33D38_02$oBIO BUXT e$p20122713$r2021-01-12 00:00:00$w2021-01-12$yBOO
=999  \\$d10701

