=LDR  01128aam a2200217   4500
=001  10703
=008  230414s1972\\\\||||||||\||||\00|\0bger\d
=041  \\$ager
=100  \\$aSørensen, Søren$d1920-2001$914975$4aut
=245  \\$aDas Buxtehudebild im Wandel der Zeit
=260  \\$aLübeck$bSenat der Hansestadt Lübeck, Amt für Kultur$c1972
=490  \\$aSenat der Hansestadt Lübeck, Amt für Kultur, Veröffentlichung$v6
=600  \0$1http://www.wikidata.org/entity/Q153637$aBuxtehude, Dietrich$d1637-1707$910062
=648  \0$1http://www.wikidata.org/entity/Q7016$a17th Century (1601-1700)$920923
=648  \0$1http://www.wikidata.org/entity/Q7015$a18th Century (1701-1800)$920899
=650  \0$aBiography$1http://www.wikidata.org/entity/Q36279$91927
=650  \0$1https://www.wikidata.org/wiki/Q36834$aComposer$1http://www.wikidata.org/entity/Q36834$93625
=651  \0$1http://www.wikidata.org/entity/Q2843$aLübeck (Germany)$9125
=942  \\$cBOO
=952  \\$00$10$2ddc$40$6BIO_BUXT_E$70$8BIO$910690$aORPH$bORPH$cKTS1_P$d2020-07-08$eKoopman$i43G06$l0$oBIO BUXT e$p20126807$r2021-01-12 00:00:00$w2021-01-12$yBOO$OKoopman
=999  \\$d10703

