=LDR  01068aam a2200217   4500
=001  10704
=005  20250925143259.0
=008  230424s1941\\\\||||||||\||||\00|\0\dut\d
=041  \\$adut
=100  \\$aSaar, Johannes du$4aut$1http://www.wikidata.org/entity/Q102313300$918405
=245  \\$aHet Collegium Musicum Ultrajectinum in de laatste honderd jaar
=260  \\$aUtrecht$bden Boer$c1941
=610  \0$926094$aCollegium Musicum Ultrajectinum (Utrecht, Netherlands)
=648  \0$1http://www.wikidata.org/entity/Q6955$a19th Century (1801-1900)$920935
=648  \0$1http://www.wikidata.org/entity/Q6927$a20th Century (1901-2000)$920936
=650  \0$aOrchestra$1http://www.wikidata.org/entity/Q42998$93159
=650  \0$aMusic history$1http://www.wikidata.org/entity/Q846047$921373
=651  \0$1http://www.wikidata.org/entity/Q803$aUtrecht (Netherlands)$9141
=942  \\$cBOO
=952  \\$00$10$2ddc$40$6TOP_NL_UTR_6_000000000000000$70$8TOP$910691$aORPH$bORPH$cKTS0$d2020-07-08$eKoopman$i31D44$l0$oTOP NL.UTR 6$p20121038$r2021-01-12 00:00:00$w2021-01-12$yBOO$OKoopman
=999  \\$d10704

