=LDR  01437aam a2200265   4500
=001  10705
=008  230424s1948\\\\||||||||\||||\00|\0bdut\d
=041  \\$adut
=100  \\$aSaar, Johannes du$4aut$1http://www.wikidata.org/entity/Q102313300$918405
=245  \\$aHet leven en de werken van Jacob Wilhelm Lustig,$borganist te Groningen (geboren 1706, overleden 1796)
=260  \\$aAmsterdam$bAlsbach$c1948
=300  \\$a147 pages
=504  \\$aIncludes an index
=590  \\$aUitgegeven met steun van de Vereniging voor Nederlandse Muziekgeschiedenis
=600  \0$1http://www.wikidata.org/entity/Q1677671$aLustig, Jacob Wilhelm$d1706-1796$95820
=648  \0$1http://www.wikidata.org/entity/Q7015$a18th Century (1701-1800)$920899
=650  \0$1https://www.wikidata.org/wiki/Q765778$aOrganist$1http://www.wikidata.org/entity/Q765778$94471
=650  \0$1https://www.wikidata.org/wiki/Q36834$aComposer$1http://www.wikidata.org/entity/Q36834$93625
=650  \0$aBiography$1http://www.wikidata.org/entity/Q36279$91927
=650  \0$aWriter$1http://www.wikidata.org/entity/Q36180$93885
=651  \0$1http://www.wikidata.org/entity/Q1055$aHamburg (Germany)$921940
=651  \0$1http://www.wikidata.org/entity/Q749$aGroningen (Netherlands)$922634
=942  \\$cBOO
=952  \\$00$10$2ddc$40$6BIO_LUST_D$70$8BIO$910692$aORPH$bORPH$cKTS1_P$d2020-07-08$eKoopman$i31E45$l0$oBIO LUST d$p20123188$r2021-01-12 00:00:00$w2021-01-12$yBOO$OKoopman
=999  \\$d10705

