=LDR  01019    a2200229   4500
=001  10706
=008  211026s1973\\\\\\\|||||\||||\00|\f\ger\d
=020  \\$a3442075025
=041  \\$ager$hspa
=100  \\$aCervantes, Miguel de$d1547-1616$4aut$1http://www.wikidata.org/entity/Q5682$95670
=245  \\$aDon Quijote von la Mancha
=260  \\$aMunich$bGoldmann$c1973
=490  \\$aGoldmann Klassiker$v7502
=600  \0$aDon Quixote$1http://www.wikidata.org/entity/Q480$922627
=648  \0$a17th Century (1601-1700)$1http://www.wikidata.org/entity/Q7016$920923
=650  \0$aNovel$1http://www.wikidata.org/entity/Q8261$921629
=651  \0$aSpain$1http://www.wikidata.org/entity/Q29$920983
=700  \\$4trl$aTieck, Ludwig$d1773-1853$1http://www.wikidata.org/entity/Q57239$98526
=765  \\$aEl ingenioso hidalgo don Quijote de la Mancha
=942  \\$cBOO
=952  \\$00$10$2ddc$40$6LIT_A_CERV$70$8LIT$910693$aORPH$bORPH$cKM12_2_H$d2020-07-08$eKoopman$i40A01$oLIT a CERV$p20120358$r2021-01-12 00:00:00$w2021-01-12$yBOO
=999  \\$d10706

