=LDR  01163aam a2200229   4500
=001  10708
=008  231114s1978\\\\||||||||\||||\00|\0cdut\d
=020  \\$a9061001544
=041  \\$adut
=100  \\$aSabbe, Maurits$d1873-1938$1http://www.wikidata.org/entity/Q2682894$4aut$913725
=245  \\$aDe Meesters van de gulden Passer:$bChristoffel Plantin, Aartsdrukker van Philips II, en zijn opvolgers, de Moretussen
=260  \\$aRotterdam$bDonker$c1978
=300  \\$a155 pages
=610  \0$aPlantijn (Antwerp, Belgium)$1http://www.wikidata.org/entity/Q5254948$924517
=648  \0$a16th Century (1501-1600)$1http://www.wikidata.org/entity/Q7017$920944
=648  \0$a17th Century (1601-1700)$1http://www.wikidata.org/entity/Q7016$920923
=650  \0$aPrinting$1http://www.wikidata.org/entity/Q11034$921936
=650  \0$aPublishing$1http://www.wikidata.org/entity/Q3972943$93049
=651  \0$aAntwerp (Belgium)$1http://www.wikidata.org/entity/Q12892$920974
=942  \\$cBOO
=952  \\$00$10$2ddc$40$6BIB_4_000000000000000_BE_ANT$70$8BIB$910695$aORPH$bORPH$cKTS0$d2020-07-08$eKoopman$i24C76$l0$oBIB4 BE.ANT$p20128974$r2021-01-12 00:00:00$w2021-01-12$yBOO$OKoopman
=999  \\$d10708

