=LDR  01187aam a2200229   4500
=001  10709
=008  231114b\\\\\\\\||||||||\||||\00|\0bdut\d
=041  \\$adut
=100  \\$aSabbe, Maurits$d1873-1938$1http://www.wikidata.org/entity/Q2682894$4aut$913725
=245  \\$aPeeter Heyns en de Nimfen ... uit den Lauwerboom ...$bBijdrage tot de Geschiedenis van het Schoolwezen in de 16e Eeuw
=260  \\$aThe Hague$bNijhoff$cs.d.
=490  \\$aVereeniging der Antwerpsche Bibliophilen Uitgave$v41
=500  \\$aContains correspondence by the author
=600  \0$aHeyns, Peeter$d1537-1598$1http://www.wikidata.org/entity/Q15434706$926676
=648  \0$a16th Century (1501-1600)$1http://www.wikidata.org/entity/Q7017$920944
=650  \0$aWriter$1http://www.wikidata.org/entity/Q36180$93885
=650  \0$aEducation$1http://www.wikidata.org/entity/Q8434$926206
=650  \0$aBiography$1http://www.wikidata.org/entity/Q36279$91927
=651  \0$aFlanders (Belgium)$1http://www.wikidata.org/entity/Q234$989
=942  \\$cBOO
=952  \\$00$10$2ddc$40$6BIO_HEYN_D$70$8BIO$910696$aORPH$bORPH$cKTS1_P$d2020-07-08$eKoopman$i33G37$oBIO HEYN d$p20122673$r2021-01-12 00:00:00$w2021-01-12$yBOO$OKoopman
=999  \\$d10709

