=LDR  00949aam a2200193   4500
=001  10710
=008  231114s1923\\\\||||||||\||||\00|\0\dut\d
=041  \\$adut
=100  \\$aSabbe, Maurits$d1873-1938$1http://www.wikidata.org/entity/Q2682894$4aut$913725
=245  \\$aFransch-Vlaandersche Rederijkerskunst in de 18e eeuw
=260  \\$aGhent$bKoninklijke Vlaamsche Academie voor Taal en Letterkunde$c1923
=300  \\$a30 pages
=490  \\$aVerslagen en Mededeelingen der Koninklijke Vlaamsche Academie$v1923
=648  \0$a18th Century (1701-1800)$1http://www.wikidata.org/entity/Q7015$920899
=650  \0$aRhetoricians$1http://www.wikidata.org/entity/Q1483341$92186
=651  \0$aFlanders (Belgium)$1http://www.wikidata.org/entity/Q234$989
=942  \\$cBOO
=952  \\$00$10$2ddc$40$6TOP_BE_FLA_5_000000000000000$70$8TOP$910697$aORPH$bORPH$cKTS0$d2020-07-08$eKoopman$i43B26$l0$oTOP BE.FLA 5$p20127226$r2021-01-12 00:00:00$w2021-01-12$yBOO$OKoopman
=999  \\$d10710

