=LDR  00945aam a2200193   4500
=001  10711
=008  220616s1975\\\\||||||||\||||\00|\0\ita\d
=041  \\$aita
=100  \\$aSaccardo, Mario$4aut$913726
=245  \\$aArte organaria:$borganisti e attività musicale ai Filippini di Vicenza
=260  \\$aVicenza$bCongregazione dell'Oratorio$c1975
=610  \0$aChiesa di San Filippo Neri (Vicenza, Italy)$1http://www.wikidata.org/entity/Q21187707$924387
=650  \0$aMusic history$1http://www.wikidata.org/entity/Q846047$921373
=650  \0$aOratorio$1http://www.wikidata.org/entity/Q85477$91825
=650  \0$aOrgan music$1http://www.wikidata.org/entity/Q2003283$91951
=651  \0$aVicenza (Italy)$1http://www.wikidata.org/entity/Q6537$922020
=942  \\$cBOO
=952  \\$00$10$2ddc$40$6INS_3_000000000000000_1E_IT_VIC$70$8INS$910698$aORPH$bORPH$cKTS0$d2020-07-08$eKoopman$i24B16$oINS3.1e IT.VIC$p20128737$r2021-01-12 00:00:00$w2021-01-12$yBOO
=999  \\$d10711

