=LDR  01252aam a2200229   4500
=001  10712
=008  211106s2009\\\\|||\||||\||||\00|\0\ger\d
=041  \\$ager
=245  \\$aDas Collegium musicum der Reichsstadt Memmingen:$bEdition der Protokolle 1775-1821.$n2/2
=260  \\$aMemmingen$bStadtarchiv Memmingen$c2009
=300  \\$a2 vols (160 pages)
=490  \\$aMaterialien zur Memminger Stadtgeschichte. Reihe A: Quellen$v5
=648  \0$a18th Century (1701-1800)$1http://www.wikidata.org/entity/Q7015$920899
=650  \0$aCollegium musicum$1http://www.wikidata.org/entity/Q117540$922461
=650  \0$aMusic history$1http://www.wikidata.org/entity/Q846047$921373
=651  \0$aMemmingen (Germany)$1http://www.wikidata.org/entity/Q14825$922730
=700  \\$aSach, Nadine$4edt$913727
=700  \\$4edt$aHoyer, Johannes$911343
=942  \\$cBOO
=952  \\$00$10$2ddc$3Teil 1: 1775-1786$40$6TOP_DE_MEM_5_000000000000000$70$8TOP$910699$aORPH$bORPH$cKTS0$d2020-07-08$eKoopman$i38F11_01$oTOP DE.MEM 5$p20122320$r2021-01-12 00:00:00$w2021-01-12$yBOO
=952  \\$00$10$2ddc$3Teil 2: 1787-1821$40$6TOP_DE_MEM_5_000000000000000$70$8TOP$910700$aORPH$bORPH$cKTS0$d2020-07-08$eKoopman$i38F11_02$oTOP DE.MEM 5$p20122319$r2021-01-12 00:00:00$w2021-01-12$yBOO
=999  \\$d10712

