=LDR  00806aam a2200205   4500
=001  10714
=008  220811r19801908||||||||\||||\00|\0dger\d
=020  \\$a3487069172
=041  \\$ager
=100  \\$aSachs, Curt$d1881-1959$4aut$1http://www.wikidata.org/entity/Q57696$917853
=245  \\$aMusikgeschichte der Stadt Berlin bis zum Jahre 1800
=260  \\$aHildesheim$aNew York$bOlms$c1980
=300  \\$a225 pages
=500  \\$aFacsimile
=534  \\$cBerlin: Paetel, 1908
=650  \0$aMusic history$1http://www.wikidata.org/entity/Q846047$921373
=651  \0$aBerlin (Germany)$1http://www.wikidata.org/entity/Q64$948
=942  \\$cBOO
=952  \\$00$10$2ddc$40$6TOP_DE_BER$70$8TOP$910701$aORPH$bORPH$cKTS0$d2020-07-08$eKoopman$i20D45$l0$oTOP DE.BER$p20125357$r2021-01-12 00:00:00$w2021-01-12$yBOO$OKoopman
=999  \\$d10714

