=LDR  00697aam a2200181   4500
=001  10715
=008  \\\\\\s1964\\\\gw\ag|||\||||\00|\0\ger\d
=041  \\$ager
=100  \\$aSachs, Curt$d1881-1959$4aut$1http://www.wikidata.org/entity/Q57696$917853
=245  \\$aReal-Lexikon der Musikinstrumente
=260  \\$aHildesheim$bOlms$c1964
=300  \\$a443 pages
=534  \\$aOriginally published in 1913
=650  \0$aOrganology$1http://www.wikidata.org/entity/Q899293$921400
=650  \0$aEncyclopedia$1http://www.wikidata.org/entity/Q5292$92184
=942  \\$cBOO
=952  \\$00$10$2ddc$40$6INS_1A$70$8INS$910702$aORPH$bORPH$cKTS0$d2020-07-08$eKoopman$i21B53$oINS1a$p20128389$r2021-01-12 00:00:00$yBOO
=999  \\$d10715

