=LDR  00878aam a2200229   4500
=001  10716
=003  OSt
=005  20250920141216.0
=008  210209s1969\\\\\\\|||||\||||\00|\0\dut\d
=040  \\$cOI
=041  \\$adut$heng
=100  \\$aSachs, Curt$d1881-1959$4aut$1http://www.wikidata.org/entity/Q57696$917853
=245  \\$aDe geschiedenis van de dans
=260  \\$aUtrecht$aAntwerp$bHet Spectrum$c1969
=300  \\$a479 pages
=534  \\$aOriginally published as 'World History of the Dance', New York, 1937
=650  \0$aDance$1http://www.wikidata.org/entity/Q6034$924845
=651  \0$aWorld$1http://www.wikidata.org/entity/Q2$922254
=765  \\$aEine Weltgeschichte des Tanzes
=942  \\$cBOO
=952  \\$00$10$2ddc$40$6GEN_17_000000000000000$70$8GEN$910703$aORPH$bORPH$cKM12_1$d2020-07-08$eKoopman$i22F12$l0$oGEN17$p20128846$r2021-01-12 00:00:00$w2021-01-12$yBOO
=999  \\$d10716

