=LDR  01382aam a2200289   4500
=001  10717
=005  20250925143259.0
=008  080720e1913\\\\gw\fg|||\||||\00|\0\ger\d
=041  \\$ager
=100  \\$aSachs, Curt$d1881-1959$4aut$1http://www.wikidata.org/entity/Q57696$917853
=245  \\$aReal-Lexikon der Musikinstrumente
=250  \\$a1st ed.
=260  \\$aBerlin$bBard$c1913
=561  \\$aEx Libris Ton Koopman
=590  \\$aZugleich ein Polyglossar für das gesamte Instrumentengebiet
=648  \0$aMiddle Ages (500-1400)$1http://www.wikidata.org/entity/Q12554$920964
=648  \0$aRenaissance (1400-1600)$1http://www.wikidata.org/entity/Q4692$920965
=648  \0$a17th Century (1601-1700)$1http://www.wikidata.org/entity/Q7016$920923
=648  \0$a18th Century (1701-1800)$1http://www.wikidata.org/entity/Q7015$920899
=648  \0$a19th Century (1801-1900)$1http://www.wikidata.org/entity/Q6955$920935
=648  \0$a20th Century (1901-2000)$1http://www.wikidata.org/entity/Q6927$920936
=650  \0$aOrganology$1http://www.wikidata.org/entity/Q899293$921400
=650  \0$aEncyclopedia$1http://www.wikidata.org/entity/Q5292$92184
=651  \0$aWorld$1http://www.wikidata.org/entity/Q2$922254
=942  \\$cBOO
=952  \\$00$10$2ddc$40$6INS_1A$70$920632$aORPH$bORPH$cKTS0$d2020-07-08$eKoopman$g75.00$i46B10$oINS1a$p20127616$r2021-09-21 00:00:00$w2021-09-21$yBOO
=999  \\$d10717

