=LDR  02386cam a22003977i 4500
=001  10718
=008  180112s2017\\\\gw\aof\\\b\\\\000\0\ger\d
=041  \\$ager
=100  \\$aSachs, Hannelore$d1931-1990$1http://www.wikidata.org/entity/Q59524807$4aut$913729
=245  14$aDer Flügelaltar von St. Marien zu Bernau
=250  \\$a1. Auflage.
=264  \1$aBerlin$bBässler$c2017
=300  \\$a143 pages 
=336  \\$atext$btxt$2rdacontent
=336  \\$astill image$bsti$2rdacontent
=337  \\$aunmediated$bn$2rdamedia
=338  \\$avolume$bnc$2rdacarrier
=504  \\$aIncludes bibliographical references.
=505  00$gEinleitung --$gVorwort zur Neuherausgabe /$rSibylle Badstübner-Gröger --$tDie Bernauer Marienkirche und ihr Flügelaltar --$tZur Entwicklung des Altarretabels --$tVom Antependium zum Flügelaltar --$tDer spätgotische Altar --$tDas Bildprogramm des Bernauer Altares --$tDie Schnitzfiguren im Schrein und im Gesprenge --$tDie Christus- und Mariengeschichte auf der Sonntagsseite --$tDie Heiligenlegenden auf der Werktagsseite --$tDie Bilder der Predella --$tZum Stil und zur Herkunft der Meister --$gNachwort /$rPeter Knüvener --$gLiteratur in Auswahl --$gAbbildungsnachweis.
=600  \0$aCranach, Lucas$d1472-1553$1http://www.wikidata.org/entity/Q191748$913730
=600  \0$aJesus$1http://www.wikidata.org/entity/Q302$913731
=600  \0$aVirgin Mary$cSaint$1http://www.wikidata.org/entity/Q345$913732
=610  \0$aSt. Marien (Bernau bei Berlin, Germany)$1http://www.wikidata.org/entity/Q1751141$91552
=650  \0$aBernauer Altar.$93746
=650  \0$aFine art$1http://www.wikidata.org/entity/Q219625$921579
=650  \0$aChurch$1http://www.wikidata.org/entity/Q16970$93776
=650  \0$aSaint$1http://www.wikidata.org/entity/Q43115$93374
=651  \0$aBernau bei Berlin (Brandenburg, Germany)$1http://www.wikidata.org/entity/Q9300$939814
=700  \\$aBadstübner-Gröger, Sibylle$913733$4edt
=700  \\$aJeitner, Christa-Maria$d-1935$913734$4edt
=700  \\$aKnüvener, Peter$913735$4edt
=700  \\$aHasse, Ulrich$913736$4pht
=700  \\$aBilleb, Volkmar$1http://www.wikidata.org/entity/Q15432140$913737$4pht
=942  \\$cBOO
=952  \\$00$10$2ddc$40$6TOP_DE_BER2_4_000000000000000$70$8TOP$910705$aORPH$bORPH$cKTS0$d2020-07-08$eKoopman$i47C14$l0$oTOP DE.BER2 4$p20123737$r2021-01-12 00:00:00$w2021-01-12$yBOO$OKoopman
=999  \\$d10718

