=LDR  01631cam a2200325 a 4500
=001  10720
=005  20250926134856.0
=008  001221s2000\\\\gw\g\\\\\b\\\\001\0\ger\d
=020  \\$a3873970953
=040  \\$aOI
=041  \\$ager
=100  1\$aSackmann, Dominik.$4aut
=245  10$aBach und Corelli:$bStudien zu Bachs Rezeption von Corellis Violinsonaten op. 5 unter besonderer Berücksichtigung der "Passaggio-Orgelchoräle" und der langsamen Konzertsätze
=260  \\$aMunich$bKatzbichler$c2000
=300  \\$a184 pages$bmusic$c24 cm
=490  \\$aMusikwissenschaftliche Schriften$v36
=500  \\$aOriginally presented as the author's PhD thesis, Universität Zürich, 1999.
=504  \\$aIncludes bibliographical references (p. 170-176) and index.
=600  \0$aCorelli, Arcangelo$d1653-1713$1http://www.wikidata.org/entity/Q164475$95351
=600  \0$aBach, Johann Sebastian$d1685-1750$1http://www.wikidata.org/entity/Q1339$94766
=648  \0$a18th Century (1701-1800)$1http://www.wikidata.org/entity/Q7015$920899
=650  \0$aSonata$1http://www.wikidata.org/entity/Q131269$921653
=650  \0$aViolin$1http://www.wikidata.org/entity/Q8355$92783
=650  \0$aInfluence$1http://www.wikidata.org/entity/Q1307337$922289
=650  \0$aConcerto$1http://www.wikidata.org/entity/Q9748$921817
=650  \0$aChorale$1http://www.wikidata.org/entity/Q724473$921334
=650  \0$aPrelude$1http://www.wikidata.org/entity/Q212148$921947
=942  \\$cBOO
=952  \\$00$10$2ddc$40$6BIO_BACH1_E$70$8BIO$910707$aORPH$bORPH$cKTS1_P$d2020-07-08$eKoopman$i28D43$oBIO BACH1 e$p20123565$r2021-01-12 00:00:00$w2021-01-12$yBOO
=999  \\$d10720

