=LDR  01071cam a22002534a 4500
=001  10721
=005  20250926134856.0
=008  051111s2005\\\\gw\a\\\\\b\\\\000\0\ger\\
=020  \\$a3899480708
=028  32$aCV 24.036$bCarus
=040  \\$aOI
=100  \\$aSackmann, Dominik$4aut$911045
=245  10$aBach und der Tanz
=260  \\$aStuttgart$bCarus$c2005
=300  \\$a64 pages$billustrations$c24 cm
=490  1\$aJahresgabe der Internationalen Bach-Gesellschaft Schaffhausen$v2005 
=504  \\$aIncludes bibliographical references.
=600  \0$aBach, Johann Sebastian$d1685-1750$1http://www.wikidata.org/entity/Q1339$94766
=648  \0$a18th Century (1701-1800)$1http://www.wikidata.org/entity/Q7015$920899
=650  \0$aDance$1http://www.wikidata.org/entity/Q11639$1http://www.wikidata.org/entity/Q316930$924845
=651  \0$1http://www.wikidata.org/entity/Q183$aGermany$9155
=942  \\$cBOO
=952  \\$00$10$2ddc$40$6BIO_BACH1_E$70$8BIO$910708$aORPH$bORPH$cKTS1_P$d2020-07-08$eKoopman$i38C24$oBIO BACH1 e$p20120424$r2021-01-12 00:00:00$w2021-01-12$yBOO
=999  \\$d10721

