=LDR  01362cam a22002894a 4500
=001  10723
=005  20250121142126.0
=008  040308s2001\\\\it\a\\\\\bc\\\000\0\ger\\
=020  \\$a8880164740
=040  \\$aOI
=041  \\$ager
=100  \\$aŠafařík, Eduard A.$4aut$913742
=245  10$aJohann Kupezky (1666-1740):$bein Meister des Barockporträts
=260  \\$aRome$bde Luca$c2001
=300  \\$a222 pages$billustrations (some color) $c29 cm
=500  \\$aCatalog of an exhibition held at the Suermondt-Ludwig-Museum Aachen, Nov. 10, 2001-Feb. 3, 2002.
=504  \\$aIncludes bibliographical references (p. 213-222).
=600  \0$aKupecký, Jan$d1667-1740$1http://www.wikidata.org/entity/Q700163$913744
=648  \0$a17th Century (1601-1700)$1http://www.wikidata.org/entity/Q7016$920923
=648  \0$a18th Century (1701-1800)$1http://www.wikidata.org/entity/Q7015$920899
=650  \0$aBaroque$1http://www.wikidata.org/entity/Q37853$921255
=650  \0$aFine art$1http://www.wikidata.org/entity/Q219625$921579
=650  \0$aPortrait$1http://www.wikidata.org/entity/Q134307$92622
=651  \0$aBohemia (Czech Republic)$1http://www.wikidata.org/entity/Q39193$921054
=942  \\$cBOO
=952  \\$00$10$2ddc$40$6BIO_KUPE_D$70$8BIO$910710$aORPH$bORPH$cKTS1_P$d2020-07-08$eKoopman$i45G20$oBIO KUPE d$p20127546$r2021-01-12 00:00:00$w2021-01-12$yBOO
=999  \\$d10723

