=LDR  01283cam a2200289 a 4500
=001  10726
=005  20250121142126.0
=008  100706s2010\\\\fr\a\\\g\bc\\\000\0\fre\d
=020  \\$a9782847421521 (pbk.)
=020  \\$a2847421521 (pbk.)
=040  \\$aOI
=041  \\$afre
=245  10$aAntoine Watteau et l'art de l'estampe
=260  \\$aParis$bPassage$bMusée du Louvre$c2010
=300  \\$a157-[1] pages$bill.$c24 cm
=500  \\$a"Cet ouvrage accompagne l'exposition ... organisée à Paris, musée du Louvre, du 8 juillet au 11 octobre 2010."--P. [2].
=504  \\$aIncludes bibliographical references (p. 155-[158]).
=600  \0$aWatteau, Antoine$d1684-1721$1http://www.wikidata.org/entity/Q183221$913747
=648  \0$a18th Century (1701-1800)$1http://www.wikidata.org/entity/Q7015$920899
=650  \0$aFine art$1http://www.wikidata.org/entity/Q219625$921579
=650  \0$aPrinting$1http://www.wikidata.org/entity/Q11034$921936
=651  \0$aFrance$1http://www.wikidata.org/entity/Q142$9131
=700  \\$aSahut, Marie Catherine$4aut$913749
=700  \\$aRaymond, Florence$4aut$922869
=942  \\$cBOO
=952  \\$00$10$2ddc$40$6BIO_WATT_E$70$8BIO$910713$aORPH$bORPH$cKTS1_P$d2020-07-08$eKoopman$i42A25$oBIO WATT e$p20122128$r2021-01-12 00:00:00$w2021-01-12$yBOO
=999  \\$d10726

