=LDR  01117aam a2200241   4500
=001  10727
=005  20250925143259.0
=008  241212s2000\\\\||||||||\||||\01|\0dger\d
=020  \\$a393365212X
=041  \\$ager
=100  \\$aSailer, T.$913750$4edt
=245  \\$aBruno Grusnick (1900-1992).$bKleine Festschrift zum 100. Geburtstag
=260  \\$aLübeck$bBibliothek der Hansestadt Lübeck$c2000
=490  \\$aVeröffentlichungen der Stadtbibliothek Lübeck. Reihe 3$v16
=561  \\$aCorrect exemplar, donated to Ton Koopman by Barbara Grusnick
=600  \0$aGrusnick, Bruno$d1900-1992$914925
=600  \0$aBuxtehude, Dietrich$d1637-1707$1http://www.wikidata.org/entity/Q153637$910062
=648  \0$a20th Century (1901-2000)$1http://www.wikidata.org/entity/Q6927$920936
=650  \0$aMusicologist$1http://www.wikidata.org/entity/Q14915627$92342
=651  \0$aLübeck (Germany)$1http://www.wikidata.org/entity/Q2843$9125
=942  \\$cBOO
=952  \\$00$10$2ddc$40$6BIO_GRUS_E$70$8BIO$910714$aORPH$bORPH$cKTS1_P$d2020-07-08$eKoopman$i33E44$l0$oBIO GRUS e$p20120945$r2021-01-12 00:00:00$w2021-01-12$yBOO$OKoopman
=999  \\$d10727

