=LDR  00411    a2200109   4500
=001  10728
=100  \\$aSaint-Exupéry, Antoine de$d1900-1944$1http://www.wikidata.org/entity/Q2908$913751
=245  \\$aDe Kleine Prins
=260  \\$c1971
=942  \\$cBOO
=952  \\$00$10$2ddc$40$6LIT_SAIN_A$70$8LIT$910715$aORPH$bORPH$cKM12_2_H$d2020-07-08$eKoopman$i40G42$oLIT SAIN a$p20130288$r2021-01-12 00:00:00$w2021-01-12$yBOO
=999  \\$c10728$d10728

