=LDR  01067aam a2200229   4500
=001  10729
=008  220511s1960\\\\|||j||||\||||\001\0ddut\d
=041  \\$afre$hfre
=100  \\$aSaint-Simon, Louis de Rouvroy de$cDuc$d1675-1755$1http://www.wikidata.org/entity/Q463728$4aut$913752
=245  \\$aRoddel in Versailles:$buit het dagboek van Saint-Simon
=260  \\$aAmsterdam$bElsevier$c1960
=300  \\$a189 pages
=648  \0$a17th Century (1601-1700)$1http://www.wikidata.org/entity/Q7016$920923
=648  \0$a18th Century (1701-1800)$1http://www.wikidata.org/entity/Q7015$920899
=650  \0$aDiary$1http://www.wikidata.org/entity/Q185598$921711
=650  \0$aCourt$1http://www.wikidata.org/entity/Q1134237$922191
=651  \0$aVersailles (France)$1http://www.wikidata.org/entity/Q621$920957
=700  \\$aMitford, Nancy$4win$4trl$940419
=765  \\$aMémoires
=942  \\$cBOO
=952  \\$00$10$2ddc$40$6TOP_FR_VER_5_000000000000000$70$8TOP$910716$aORPH$bORPH$cKTS0$d2020-07-08$eKoopman$i44E53$oTOP FR.VER 5$p20126545$r2021-01-12 00:00:00$w2021-01-12$yBOO
=999  \\$d10729

