=LDR  03178aam a2200385   4500
=001  10734
=008  220216s1980\\\\au\g||||\||||\00|\0\ger\d
=041  \\$ager$aita
=100  \\$aSalmen, Walter$d1926-2013$4edt$1http://www.wikidata.org/entity/Q15454344$913760
=245  \\$aDie Süddeutsch-Österreichische Orgelmusik im 17. und 18. Jahrhundert.$bTagungsbericht 2. Orgelsymposium Innsbruck, 26.-28. 8. 1979
=260  \\$aInnsbruck$bHelbling$c1980
=300  \\$a240 pages
=490  \\$aInnsbrucker Beiträge zur Musikwissenschaft$v6
=505  \\$gGedruckte und handschriftliche Quellen zum Repertoire österreichischer Organisten im 18. und 19. Jahrhundert / O. Biba -- Bayerische Orgelmusik des 17. und 18. Jahrhunderts / E. Kraus -- Das Orgelspiel in Mähren im 17. Jahrhundert / J. Sehnal -- Orgel und Orgelspiel in der Slowakei bis 1800 / R. Rybaric -- Dorforganist und Dorfmusikant / K. Horak -- Vom Colla-parte-Spielen zum Continuo / J. Mertin -- Gregorianik in der Verwendung für Orgelmusik im 17. Jahrhundert / R. G. Frieberger -- Weltliche Orgelmusik im frühen 17. Jh. / P. Widensky (119) -- Stile di durezze e ligature / H. Musch -- Die zyklische Fugen-Komposition von Froberger bis Albrechtsberger / F. W. Riedel -- Die 12 Toccaten von Georg Muffat / M. Radulescu -- Die Originalnotation des Apparatus musico-organisticus von Georg Muffat und ihr aufführungspraktischer Informationswert / K. F. Wagner -- Der Kaiserliche Hoforganist Johann Baptist Peyer (Bayer) und seine Preambuli e Fughe / R. Walter -- Die Orgel in Ried / E. Krauss
=600  \0$aFroberger, Johann Jacob$d1616-1667$1http://www.wikidata.org/entity/Q60724$914063
=600  \0$aMuffat, Georg$d1653-1704$1http://www.wikidata.org/entity/Q170401$97221
=600  \0$aAlbrechtsberger, Johann Georg$d1736-1809$1http://www.wikidata.org/entity/Q314164$95150
=648  \0$a17th Century (1601-1700)$1http://www.wikidata.org/entity/Q7016$920923
=648  \0$a18th Century (1701-1800)$1http://www.wikidata.org/entity/Q7015$920899
=648  \0$a19th Century (1801-1900)$1http://www.wikidata.org/entity/Q6955$920935
=650  \0$aOrgan$1http://www.wikidata.org/entity/Q1444$92810
=650  \0$aOrgan music$1http://www.wikidata.org/entity/Q2003283$91951
=650  \0$aPlainchant$1http://www.wikidata.org/entity/Q2707688$921363
=650  \0$aColla parte$1http://www.wikidata.org/entity/Q126950983$927782
=650  \0$aBasso continuo$1http://www.wikidata.org/entity/Q724321$921065
=650  \0$aHistorically informed performance$1http://www.wikidata.org/entity/Q1344860$920980
=650  \0$aToccata$1http://www.wikidata.org/entity/Q140544$923527
=650  \0$aFugue$1http://www.wikidata.org/entity/Q181014$93142
=651  \0$aAustria$1http://www.wikidata.org/entity/Q40$9202
=651  \0$aGermany$1http://www.wikidata.org/entity/Q183$9155
=651  \0$aSlovakia$1http://www.wikidata.org/entity/Q214$925682
=651  \0$aMoravia (Czech Republic)$1http://www.wikidata.org/entity/Q43266$921692
=942  \\$cBOO
=952  \\$00$10$2ddc$40$6INS_3_100000000000000_A_AT$70$8INS$910721$aORPH$bORPH$cKTS0$d2020-07-08$eKoopman$i21B03$oINS3.1 a AT$p20128377$r2021-01-12 00:00:00$w2021-01-12$yBOO
=999  \\$d10734

