=LDR  01606nam a2200325 a 4500
=001  10736
=005  20250122164604.0
=008  870225s1986\\\\au\ag\\\\b\\\\100\0\ger\\
=020  \\$a3900590001
=040  \\$aOI
=041  0\$ager$aeng
=100  \\$4edt$aSalmen, Walter$d1926-2013$1http://www.wikidata.org/entity/Q15454344$913760
=245  00$aKontrabaß und Baßfunktion:$bBericht über die vom 28.8. bis 30.8.1984 in Innsbruck abgehaltene Fachtagung
=260  \\$aInnsbruck$bHelbling$c1986
=300  \\$a224 p. :$bill., music ;$c24 cm.
=490  \\$aInnsbrucker Beiträge zur Musikwissenschaft$v12
=500  \\$aContributions chiefly in German; one contribution in English.
=504  \\$aIncludes bibliographies.
=648  \0$a16th Century (1501-1600)$1http://www.wikidata.org/entity/Q7017$920944
=648  \0$a17th Century (1601-1700)$1http://www.wikidata.org/entity/Q7016$920923
=648  \0$a18th Century (1701-1800)$1http://www.wikidata.org/entity/Q7015$920899
=650  \0$aDouble bass$1http://www.wikidata.org/entity/Q80019$921734
=650  \0$aOrganology$1http://www.wikidata.org/entity/Q899293$921400
=700  \\$aSchmid, Manfred Hermann$d1947-$4ctb$1http://www.wikidata.org/entity/Q1889480$913893
=700  \\$aMoens, Karel$4ctb$912799
=700  \\$aSehnal, Jiří$d1931-$4ctb$912765
=700  \\$aSeifert, Herbert$d1945-$4ctb$1http://www.wikidata.org/entity/Q19971450$914021
=942  \\$cBOO
=952  \\$00$10$2ddc$40$6INS_4_000000000000000_4D_SALM$70$8INS$910723$aORPH$bORPH$cKTS0$d2020-07-08$eKoopman$i21B47$oINS4.4d SALM$p20128395$r2021-01-12 00:00:00$w2021-01-12$yBOO
=999  \\$d10736

