=LDR  00792aam a2200181   4500
=001  10738
=008  250402s1963\\\\|||gfao|\b|||\00|\0dger\d
=041  \\$ager
=100  \\$aSalmen, Walter$d1926-2013$1http://www.wikidata.org/entity/Q15454344$913760$4aut
=245  \\$aGeschichte der Musik in Westfalen.$bBis 1800
=260  \\$c1963$aKassel$bBärenreiter
=300  \\$a264-[2] pages
=648  \0$aPast$1http://www.wikidata.org/entity/Q192630$922196
=650  \0$aMusic history$1http://www.wikidata.org/entity/Q846047$921373
=651  \0$aWestphalia (Germany)$1http://www.wikidata.org/entity/Q8614$923235
=942  \\$cBOO
=952  \\$00$10$2ddc$40$6TOP_DE_WES2$70$8TOP$910725$aORPH$bORPH$cKTS0$d2020-07-08$eKoopman$i19E09$l0$oTOP DE.WES2$p20127824$r2021-01-12 00:00:00$w2021-01-12$yBOO$OKoopman
=999  \\$d10738

