=LDR  01078aam a2200217   4500
=001  10739
=008  230822s1954\\\\|||g||||\b|||\000\0|ger\d
=041  \\$ager
=100  \\$aSalmen, Walter$d1926-2013$1http://www.wikidata.org/entity/Q15454344$913760
=245  \\$aDie Schichtung der mittelalterlichen Musikkultur in der ostdeutschen Grenzlage
=260  \\$c1954$aKassel$bHinnenthal
=300  \\$a154 pages
=648  \0$aMiddle Ages (500-1400)$1http://www.wikidata.org/entity/Q12554$920964
=648  \0$a15th Century (1401-1500)$1http://www.wikidata.org/entity/Q7018$921015
=648  \0$a16th Century (1501-1600)$1http://www.wikidata.org/entity/Q7017$920944
=650  \0$1http://www.wikidata.org/entity/Q846047$aMusic history$921373
=650  \0$1http://www.wikidata.org/entity/Q858517$aCultural history$922395
=651  \0$aGermany$1http://www.wikidata.org/entity/Q183$9155
=942  \\$cBOO
=952  \\$00$10$2ddc$40$6TOP_DE_3_000000000000000$70$8TOP$910726$aORPH$bORPH$cKTS0$d2020-07-08$eKoopman$i20E24$l0$oTOP DE 3$p20125410$r2021-01-12 00:00:00$w2021-01-12$yBOO$OKoopman
=999  \\$d10739

