=LDR  00800    a2200193   4500
=001  10741
=008  220126s1983\\\\|||c||||\||||\00|\0dger\d
=020  \\$a3406084516
=041  \\$ager
=100  \\$aSalmen, Walter$d1926-2013$4aut$1http://www.wikidata.org/entity/Q15454344$913760
=245  \\$aMusiker im Porträt$nBand 2$p17. Jahrhundert
=260  \\$aMunich$bBeck$c1983
=490  \\$aBeck'sche Schwarze Reihe$v251
=650  \0$aComposer$1http://www.wikidata.org/entity/Q36834$93625
=650  \0$aFine art$1http://www.wikidata.org/entity/Q219625$921579
=650  \0$aPortrait$1http://www.wikidata.org/entity/Q134307$92622
=942  \\$cBOO
=952  \\$00$10$2ddc$40$6VIS_SALM$70$8VIS$910728$aORPH$bORPH$cKTS1_H$d2020-07-08$eKoopman$i22F11_02$oVIS SALM$p20128847$r2021-01-12 00:00:00$w2021-01-12$yBOO
=999  \\$d10741

