=LDR  01396cam a2200301 a 4500
=001  10746
=005  20250311101023.0
=008  890508s1988\\\\gw\a\\\\\b\\\\001\0\ger\\
=020  \\$a3370002523
=040  \\$aOI
=041  \\$ager
=100  \\$aSalmen, Walter$d1926-2013$4aut$1http://www.wikidata.org/entity/Q15454344$913760
=245  10$aTanz im 17. und 18. Jahrhundert
=260  \\$aLeipzig$bDeutscher Verlag für Musik$c1988
=300  \\$a206 pages$b171 ill. (some col.) ;$c35 cm.
=490  1\$aMusikgeschichte in Bildern$vIV, 4
=504  \\$aIncludes bibliographical references (p. 200-203) and index.
=648  \0$a17th Century (1601-1700)$1http://www.wikidata.org/entity/Q7016$920923
=648  \0$a17th Century (1601-1700)$1http://www.wikidata.org/entity/Q7016$920923
=650  \0$aDance$1http://www.wikidata.org/entity/Q6034$924845
=650  \0$aIconography$1http://www.wikidata.org/entity/Q208145$921259
=650  \0$aIconography$1http://www.wikidata.org/entity/Q208145$921259
=650  \0$aMusic history$1http://www.wikidata.org/entity/Q846047$921373
=650  \0$aFine art$1http://www.wikidata.org/entity/Q219625$921579
=651  \0$aEurope$1http://www.wikidata.org/entity/Q46$991
=942  \\$cBOO
=952  \\$00$10$2ddc$40$6GHM_0_000000000000000$70$8GHM$910733$aORPH$bORPH$cKM12_1$d2020-07-08$eKoopman$i25F15 IV/4$oGHM0$p20129417$r2021-01-12 00:00:00$w2021-01-12$yBOO
=999  \\$d10746

