=LDR  01346    a2200217   4500
=001  10749
=008  210910s1963\\\\||||||||\||||\00|\0bger\d
=041  \\$ager
=100  \\$aSalmen, Walter$d1926-2013$4aut$1http://www.wikidata.org/entity/Q15454344$913760
=245  \\$aJohann Friedrich Reichardt:$bKomponist, Schriftsteller, Kapellmeister und Verwaltungsbeamter der Goethezeit
=260  \\$aZürich$bAtlantis$c1963
=561  \\$aThe library holds two copies, one of which (43G01) has an autograph dedication by the author, the other of which (23G21) was read and indexed by Ton Koopman
=600  \0$aReichardt, Johann Friedrich$d1752-1814$1http://www.wikidata.org/entity/Q213742$95430
=648  \0$a18th Century (1701-1800)$1http://www.wikidata.org/entity/Q7015$920899
=650  \0$aComposer$1http://www.wikidata.org/entity/Q36834$93625
=650  \0$aMusic criticism$1http://www.wikidata.org/entity/Q11748889$921598
=651  \0$aGermany$1http://www.wikidata.org/entity/Q183$9155
=942  \\$cBOO
=952  \\$00$10$2ddc$40$6BIO_REIC2_D$70$8BIO$910730$aORPH$bORPH$cKTS1_P$d2020-07-08$eKoopman$i23G21$oBIO REIC2 d$p20125759$r2021-01-12 00:00:00$w2021-01-12$yBOO$OKoopman
=952  \\$00$10$2ddc$40$6BIO_REIC2_D$70$8BIO$910736$aORPH$bORPH$cKTS1_P$d2020-07-08$eKoopman$i43G01$oBIO REIC2 d$p20126812$r2021-01-12 00:00:00$w2021-01-12$yBOO$OKoopman
=999  \\$d10749

