=LDR  01138aam a2200241   4500
=001  10750
=005  20250925143259.0
=008  241212s1990\\\\||||||||\||||\00|\0bger\d
=041  \\$ager
=100  \\$aSaltzwedel, Rolf$1http://www.wikidata.org/entity/Q985044$4aut$914926
=245  \\$aRede auf Bruno Grusnick zum 90. Geburtstag
=260  \\$aLübeck (?)$bs.n.$c1990
=590  \\$agehalten am 18. Oktober 1990 von Rolf Saltzwedel
=600  \0$aGrusnick, Bruno$d1900-1992$914925
=600  \0$aBuxtehude, Dietrich$d1637-1707$1http://www.wikidata.org/entity/Q153637$910062
=648  \0$a20th Century (1901-2000)$1http://www.wikidata.org/entity/Q6927$920936
=650  \0$aMusicologist$1http://www.wikidata.org/entity/Q14915627$92342
=650  \0$aBirthday$1http://www.wikidata.org/entity/Q47223$926112
=650  \0$aRhetoric$1http://www.wikidata.org/entity/Q81009$93894
=651  \0$aLübeck (Germany)$1http://www.wikidata.org/entity/Q2843$9125
=942  \\$cBOO
=952  \\$00$10$2ddc$40$6BIO_GRUS_E$70$8BIO$910737$aORPH$bORPH$cKTS1_P$d2020-07-08$eKoopman$i33D18$l0$oBIO GRUS e$p20122731$r2021-01-12 00:00:00$w2021-01-12$yBOO$OKoopman
=999  \\$d10750

