=LDR  01571ccm a2200301 a 4500
=001  10753
=005  20250120120031.0
=008  840918s1984\\\\nyusya\\\b\\\\\n\\\\\\\\\
=020  \\$a0824038533 (alk. paper) :$c$90.00
=040  \\$aOI
=045  2\$bd1730$bd1775
=048  \\$aoa
=048  \\$aoc
=100  \\$aSammartini, Giovanni Battista$d1700/01-1775$4cmp$1http://www.wikidata.org/entity/Q217435$913764
=240  10$9884$aSymphonies.$kSelections
=245  00$aTen symphonies /$cGiovanni Battista Sammartini ; edited by Bathia Churgin.
=260  \\$aNew York :$bGarland Pub.,$c1984.
=300  \\$a1 score (lviii, 190 p.) :$bfacsims. ;$c32 cm.
=500  \\$aJ-C 7, 38, 39, and 46 are for string orchestra.
=504  \\$aBibliography: p. lvi-lviii.
=505  0\$aC major, J-C 7 (ca. 1730) -- F major, J-C 38 (1732 or before) -- G major, J-C 39 (late 1730s) -- G major, J-C 44 (early 1740s, before 1747) -- G minor, J-C 57 (early 1740s, before 1749) -- G major, J-C 46 (mid 1740s) -- C major, J-C 4 (ca. 1750) -- A major, J-C 62 (ca. 1750) -- G major, J-C 52 (ca. 1750-55) -- E-flat major, J-C 26 (late 1760s or early 1770s).
=650  \0$aSymphony$1http://www.wikidata.org/entity/Q9734$92527
=650  \0$aSymphony$1http://www.wikidata.org/entity/Q9734$92527
=700  \\$aChurgin, Bathia$913765
=942  \\$cSCO
=952  \\$00$10$2ddc$40$6SCO_MISC_CHUR$70$8SCO$910740$aORPH$bORPH$cKTS1_H$d2020-07-08$eKoopman$iW1005-A:II$l0$oSCO MISC CHUR$p20124027$r2021-01-12 00:00:00$w2021-01-12$ySCO$OW.1005-A:II
=999  \\$c10753$d10753
=490  \\$aThe Symphony, 1720-1840.$vv. 2

