=LDR  00975cam a22002051  4500
=001  10754
=008  720713s1966\\\\xx\\\\\\\\\\\\000\0\fre\\
=041  \\$afre
=100  \\$aSamoyault-Verlet, Colombe$4aut$920904
=245  14$aLes Facteurs de clavecins parisiens.$bNotices biographiques et documents (1550-1793)
=260  \\$aParis$c1966$bSociété française de musicologie, Heugel et Cie
=300  \\$a191 pages$c23 cm
=490  1\$aPublications de la Société française de musicologie. 2e série$v11
=504  \\$aIncludes bibliographical references.
=650  \0$aOrganology$1http://www.wikidata.org/entity/Q899293$921400
=650  \0$aHarpsichord$1http://www.wikidata.org/entity/Q81982$92125
=651  \0$aParis (France)$1http://www.wikidata.org/entity/Q90$9160
=942  \\$cBOO
=952  \\$00$10$2ddc$40$6INS_3_000000000000000_2B_FR_PAR$70$8INS$910741$aORPH$bORPH$cKTS0$d2020-07-08$eKoopman$i21B45$l0$oINS3.2b FR.PAR$p20128397$r2021-01-12 00:00:00$w2021-01-12$yBOO
=999  \\$d10754

