=LDR  01408pam a2200301 a 4500
=001  10756
=005  20250821151433.0
=008  861215s1988\\\\paug\\\\\b\\\\000\0\eng\\
=020  \\$a0935480269 (pbk.)
=040  \\$aOI
=100  \\$aSánchez, Marta$913768
=245  10$aXVIII century Spanish music villancicos of Juan Francés de Iribarren /$cby Marta Sánchez ; Yvette E. Miller, editor.
=260  \\$aPittsburgh, Pa. :$bLatin American Literary Review Press,$cc1988.
=300  \\$a349 p. :$bmusic ;$c22 cm.
=490  1\$aExplorations
=500  \\$a"Music transcriptions of villancicos by Juan Francés de Iribarren": p. [167]-349.
=504  \\$aBibliography: p. 154-161.
=600  \0$aFrancés de Iribarren, Juan$d1698-1767$913771
=650  \0$aVillancico$1http://www.wikidata.org/entity/Q1232283$92371
=700  \\$aMiller, Yvette E.$913770
=700  \2$aFrancés de Iribarren, Juan$d1698-1767$913771
=740  0\$a18th century Spanish music villancicos of Juan Francés de Iribarren.
=830  \0$9886$aExplorations (Pittsburgh, Pa.)
=942  \\$cBOO
=952  \\$00$10$2ddc$40$6BIO_IRIB_E$70$8BIO$910743$aORPH$bORPH$cKTS1_P$d2020-07-08$eKoopman$i45C21$oBIO IRIB e$p20127343$r2021-01-12 00:00:00$w2021-01-12$yBOO$OKoopman
=999  \\$c10756$d10756
=648  \0$a18th Century (1701-1800)$1http://www.wikidata.org/entity/Q7015$920899
=650  \0$aMusic history$1http://www.wikidata.org/entity/Q846047$921373

