=LDR  01488aam a2200265   4500
=001  10760
=008  250627s2006\\\\||||||||\c|||\00|\0dger\d
=020  \\$a9783000185311
=041  \\$ager
=100  \\$aSandberger, Wolfgang$d1961-$1http://www.wikidata.org/entity/Q83487968$914877$4edt$4aut
=245  \\$aIch schwelge in Mozart:$bMozart im Spiegel von Brahms. Eine Ausstellung im Brahms-Institut an der Musikhochschule Lübeck
=260  \\$aLübeck$bBrahms-Institut an der Musikhochschule Lübeck$c2006
=600  \0$aMozart, Wolfgang Amadeus$d1756-1791$1http://www.wikidata.org/entity/Q254$95341
=600  \0$aBrahms, Johannes$d1833-1897$1http://www.wikidata.org/entity/Q7294$918198
=648  \0$a18th Century (1701-1800)$1http://www.wikidata.org/entity/Q7015$920899
=648  \0$a19th Century (1801-1900)$1http://www.wikidata.org/entity/Q6955$920935
=650  \0$aComposer$1http://www.wikidata.org/entity/Q36834$93625
=650  \0$aLegacy$1http://www.wikidata.org/entity/Q623282$922131
=650  \0$aInfluence$1http://www.wikidata.org/entity/Q1307337$1http://www.wikidata.org/entity/Q16578639$922289
=651  \0$aAustria$1http://www.wikidata.org/entity/Q40$9202
=700  \\$aKöchel, J.$4ctb$940468
=700  \\$aBiba, Otto$d1946-$1http://www.wikidata.org/entity/Q2038263$4ctb$918196
=942  \\$cBOO
=952  \\$00$10$2ddc$40$6BIO_BRAH_E$70$8BIO$910747$aORPH$bORPH$cKTS1_P$d2020-07-08$eKoopman$i33G02$l0$oBIO BRAH e$p20122707$r2021-01-12 00:00:00$w2021-01-12$yBOO$OKoopman
=999  \\$d10760

