=LDR  00444    a2200121   4500
=001  10762
=020  \\$a9783869166346
=100  \\$aSandberger, Wolfgang$d1961-$1http://www.wikidata.org/entity/Q83487968$914877
=245  \\$aKontinuitäten?
=260  \\$c2017
=942  \\$cBOO
=952  \\$00$10$2ddc$40$6BIO_HAYD1_E$70$8BIO$910749$aORPH$bORPH$cKTS1_P$d2020-07-08$eKoopman$i47C35$oBIO HAYD1 e$p20123719$r2021-01-12 00:00:00$w2021-01-12$yBOO$OKoopman
=999  \\$c10762$d10762

