=LDR  01252cam a2200289 a 4500
=001  10763
=005  20250925143259.0
=008  960318s1995\\\\ne\a\\\\\b\\\\001\0\dut\c
=020  \\$a9060119304
=040  \\$aOI
=041  \\$adut
=042  \\$alcnccp
=043  \\$ae-ne---
=100  \\$aSande, Anton van de$4aut$913777
=245  10$aVrijmetselarij in de Lage Landen:$been mysterieuze broederschap zonder geheimen
=260  \\$aZutphen$bWalburg Pers$c1995
=300  \\$a206 pages$billustrations (some color)$c29 cm
=504  \\$aIncludes bibliographical references (p. [200]-202) and index.
=648  \0$a18th Century (1701-1800)$1http://www.wikidata.org/entity/Q7015$920899
=648  \0$a19th Century (1801-1900)$1http://www.wikidata.org/entity/Q6955$920935
=648  \0$a20th Century (1901-2000)$1http://www.wikidata.org/entity/Q6927$920936
=650  \0$aFreemasonry$1http://www.wikidata.org/entity/Q41726$926207
=650  \0$aCultural history$1http://www.wikidata.org/entity/Q858517$922395
=651  \0$aNetherlands$1http://www.wikidata.org/entity/Q55$9173
=942  \\$cBOO
=952  \\$00$10$2ddc$40$6TOP_NL$70$8TOP$910750$aORPH$bORPH$cKTS0$d2020-07-08$eKoopman$i19G05$oTOP NL$p20125211$r2021-01-12 00:00:00$w2021-01-12$yBOO$OKoopman
=999  \\$d10763

