=LDR  01302naa a2200277 c 4500
=001  10764
=005  20250826173051.0
=008  080624s1966\\\\\\\\\\\\\||||\00|||bger\d
=040  \\$aOI
=041  0\$ager
=100  1\$aSander, Ina$4aut
=245  10$aJohann Pfeiffer.$bLeben und Werk des letzten Kapellmeisters am markgräflichen Hof zu Bayreuth
=260  \\$aBayreuth$bHistorischer Verein für Oberfranken$c1966
=490  \\$aArchiv für Geschichte von Oberfranken$v46
=500  \\$aOffprint
=600  \0$aPfeiffer, Johann$d1697-1761$1http://www.wikidata.org/entity/Q216604$98772
=648  \0$a18th Century (1701-1800)$1http://www.wikidata.org/entity/Q7015$920899
=650  \0$aConductor$1http://www.wikidata.org/entity/Q158852$93134
=650  \0$aCourt$1http://www.wikidata.org/entity/Q1134237$922191
=650  \0$aCappella$1http://www.wikidata.org/entity/Q19902156$922910
=650  \0$aMusic history$1http://www.wikidata.org/entity/Q846047$921373
=650  \0$aBiography$1http://www.wikidata.org/entity/Q36279$91927
=651  \0$aBayreuth (Germany)$1http://www.wikidata.org/entity/Q3923$925135
=942  \\$cCHA
=952  \\$00$10$2ddc$40$6BIO_PFEI2_D$70$8BIO$910751$aORPH$bORPH$cKTS1_P$d2020-07-08$eKoopman$i46C33$l0$oBIO PFEI2 d$p20127628$r2021-01-12 00:00:00$w2021-01-12$yBOO$OKoopman
=999  \\$d10764

