=LDR  01118aam a2200229   4500
=001  10765
=005  20250925143259.0
=008  240422s1958\\\\||||||||\||||\00|\0\dut\d
=041  \\$adut
=100  \\$aSanders, M. J. E.$913779$4aut
=245  \\$aHet Nederlandse Kinderlied (van 1770-1940):$been bijdrage tot de kennis van het Nederlandse kunstkinderlied
=260  \\$aAmsterdam$bParis$c1958
=648  \0$a18th Century (1701-1800)$1http://www.wikidata.org/entity/Q7015$920899
=648  \0$a19th Century (1801-1900)$1http://www.wikidata.org/entity/Q6955$920935
=648  \0$a20th Century (1901-2000)$1http://www.wikidata.org/entity/Q6927$920936
=650  \0$aSong$1http://www.wikidata.org/entity/Q7366$94164
=650  \0$aChild$1http://www.wikidata.org/entity/Q7569$92175
=650  \0$aMusic history$1http://www.wikidata.org/entity/Q846047$921373
=651  \0$aNetherlands$1http://www.wikidata.org/entity/Q55$9173
=942  \\$cBOO
=952  \\$00$10$2ddc$40$6TOP_NL_5_000000000000000$70$8TOP$910752$aORPH$bORPH$cKTS0$d2020-07-08$eKoopman$i25C03$l0$oTOP NL 5$p20129252$r2021-01-12 00:00:00$w2021-01-12$yBOO$OKoopman
=999  \\$d10765

