=LDR  00725    a2200181   4500
=001  10770
=008  211129s1977\\\\\\\a||||\||||\00|\0bita\d
=041  \\$aita
=100  \\$aSanti, B.$4aut$913784
=245  \\$aRaffael
=260  \\$aFlorence$bBecocci$c1977
=600  \0$aRaphael$d1483-1520$1http://www.wikidata.org/entity/Q5597$923122
=648  \0$a16th Century (1501-1600)$1http://www.wikidata.org/entity/Q7017$920944
=650  \0$aFine art$1http://www.wikidata.org/entity/Q219625$921579
=651  \0$aItaly$1http://www.wikidata.org/entity/Q38$922
=942  \\$cBOO
=952  \\$00$10$2ddc$40$6BIO_RAFF_D$70$8BIO$910757$aORPH$bORPH$cKTS1_P$d2020-07-08$eKoopman$i18B02$oBIO RAFF d$p20127767$r2021-01-12 00:00:00$w2021-01-12$yBOO
=999  \\$d10770

