=LDR  01961cam a2200373 a 4500
=001  10772
=005  20250219091933.0
=008  950414s1994\\\\it\a\\\\\bk\\\101\0bita\\
=020  \\$a8822241959
=040  \\$aOI
=041  0\$aita$aspa
=100  \\$aDe Santis, Mila$4edt$913786
=245  00$aDomenico Zipoli:$bitinerari iberoamericani della musica italiana nel Settecento. Atti del convegno internazionale, Prato, 30 settembre-2 ottobre 1988
=260  \\$aFlorence$bOlschki$c1994.
=300  \\$ax-313 pages$billustrations$c24 cm
=490  \\$aQuaderni della Rivista italiana di musicologia$v31
=504  \\$aIncludes bibliographical references, discography (p. 231-264), and index.
=546  \\$aArticles chiefly in Italian, with some in Spanish.
=600  \0$aZipoli, Domenico$d1688-1726$1http://www.wikidata.org/entity/Q134923$913785
=600  \0$aScarlatti, Alessandro$d1660-1725$1http://www.wikidata.org/entity/Q183087$913800
=610  \0$aJesuits$1http://www.wikidata.org/entity/Q36380$921140
=648  \0$a18th Century (1701-1800)$1http://www.wikidata.org/entity/Q7015$920899
=650  \0$aComposer$1http://www.wikidata.org/entity/Q36834$93625
=650  \0$aOrganist$1http://www.wikidata.org/entity/Q765778$94471
=650  \0$aMusic history$1http://www.wikidata.org/entity/Q846047$921373
=650  \0$aTravel$1http://www.wikidata.org/entity/Q61509$94440
=651  \0$aFlorence (Italy)$1http://www.wikidata.org/entity/Q2044$9248
=651  \0$aRome (Italy)$1http://www.wikidata.org/entity/Q220$949
=651  \0$aSeville (Spain)$1http://www.wikidata.org/entity/Q8717$924136
=651  \0$aBuenos Aires (Argentina)$1http://www.wikidata.org/entity/Q1486$939739
=651  \0$aCórdoba (Argentina)$1http://www.wikidata.org/entity/Q44210$939740
=942  \\$cBOO
=952  \\$00$10$2ddc$40$6BIO_ZIPO_E$70$8BIO$910759$aORPH$bORPH$cKTS1_P$d2020-07-08$eKoopman$i19B08$l0$oBIO ZIPO e$p20125112$r2021-01-12 00:00:00$w2021-01-12$yBOO$OKoopman
=999  \\$d10772

