=LDR  00845aam a2200181   4500
=001  10774
=008  230331b\\\\\\\\||||||||\c|||\00|\0\fre\d
=041  \\$afre
=100  \\$aSarrautte, J. P.$913788$4aut
=245  \\$aCatalogue des œuvres de Joao Domingos Bomtempo
=260  \\$aLisbon$bFondation Calouste Gulbenkian$c1970
=600  \0$aBomtempo, João Domingos$d1775-1842$1http://www.wikidata.org/entity/Q252931$926005
=648  \0$a18th Century (1701-1800)$1http://www.wikidata.org/entity/Q7015$920899
=648  \0$a19th Century (1801-1900)$1http://www.wikidata.org/entity/Q6955$920935
=650  \0$aComposer$1http://www.wikidata.org/entity/Q36834$93625
=942  \\$cBOO
=952  \\$00$10$2ddc$40$6BIO_BOMT_C$70$8BIO$910761$aORPH$bORPH$cKTS1_P$d2020-07-08$eKoopman$i22C18$l0$oBIO BOMT c$p20125713$r2021-01-12 00:00:00$w2021-01-12$yBOO$OKoopman
=999  \\$d10774

