=LDR  01260aam a2200241   4500
=001  10776
=005  20251003085458.0
=008  250331s1957\\\\||||||||\c|||\00|\0\ita\d
=041  \\$aita
=100  \\$aSartori, Claudio$913789$4aut
=245  \\$aLe Musiche della Cappella del Duomo di Milano.$bCatalogo
=260  \\$aMilan$bOfficine grafiche dell'Istituto Editoriale Italiano$c1957
=610  \0$aDuomo di Milano (Milan, Italy)$1http://www.wikidata.org/entity/Q18068$939992
=650  \0$aChurch$1http://www.wikidata.org/entity/Q16970$93776
=650  \0$aCatholicism$1http://www.wikidata.org/entity/Q1841$921631
=650  \0$aCappella$1http://www.wikidata.org/entity/Q19902156$922910
=650  \0$aChurch music$1http://www.wikidata.org/entity/Q8812109$1http://www.wikidata.org/entity/Q1065742$92283
=650  \0$aLibrary$1http://www.wikidata.org/entity/Q7075$94229
=650  \0$aCatalogue$1http://www.wikidata.org/entity/Q2352616$1http://www.wikidata.org/entity/Q6941730$921484
=651  \0$aMilan (Italy)$1http://www.wikidata.org/entity/Q490$9271
=942  \\$cBOO
=952  \\$00$10$2ddc$40$6BIB_4_000000000000000_IT_MIL$70$8BIB$910763$aORPH$bORPH$cKTS0$d2020-07-08$eKoopman$i34A01$l0$oBIB4 IT.MIL$p20122658$r2021-01-12 00:00:00$w2021-01-12$yBOO$OKoopman
=999  \\$d10776

