=LDR  00971cam a2200253 a 4500
=001  10781
=005  20250925143259.0
=008  830319r19901977fr\a\\\\\b\\\\001\0\fre\\
=020  \\$a9782851840738
=041  \\$afre
=100  \\$aSatie, Erik$d1866-1925$4aut$1http://www.wikidata.org/entity/Q187192$920073
=245  10$aÉcrits
=246  \1$aEcrits
=250  \\$a3rd ed.
=260  \\$aParis$bChamp Libre$c1990
=300  \\$a391 pages
=648  \0$a19th Century (1801-1900)$1http://www.wikidata.org/entity/Q6955$920935
=648  \0$a20th Century (1901-2000)$1http://www.wikidata.org/entity/Q6927$920936
=650  \0$aMusic criticism$1http://www.wikidata.org/entity/Q11748889$921598
=651  \0$aFrance$1http://www.wikidata.org/entity/Q142$9131
=700  \\$aVolta, Ornella$4edt$920074
=942  \\$cBOO
=952  \\$00$10$2ddc$40$6TRE_SATI$70$8TRE$910768$aORPH$bORPH$cKTS1_H$d2020-07-08$eKoopman$i23B37$l0$oTRE SATI$p20128518$r2021-01-12 00:00:00$w2021-01-12$yBOO
=999  \\$d10781

