=LDR  01346cam a22002774a 4500
=001  10783
=005  20250211165756.0
=008  001124s1998\\\\fr\a\\\\\b\\\\000\0\fre\\
=020  \\$a2950775322
=040  \\$aOI
=100  \\$aSauvanon, Jeanine$913791$4aut
=245  10$aFemmes du Moyen-Âge :$bdames de Chartres. La femme dans la statuaire et les vitraux de la cathédrale
=260  \\$aChartres$bHouvet$c1998
=300  \\$a69 p. :$bill. (some col.) ;$c22 cm.
=504  \\$aIncludes bibliographical references (p. 69).
=610  \0$aNotre-Dame de Chartres (France)$1http://www.wikidata.org/entity/Q180274$91556
=648  \0$aMiddle Ages (500-1400)$1http://www.wikidata.org/entity/Q12554$920964
=650  \0$aSculpture$1http://www.wikidata.org/entity/Q860861$92483
=650  \0$aChurch$1http://www.wikidata.org/entity/Q16970$93776
=650  \0$aCatholicism$1http://www.wikidata.org/entity/Q1841$921631
=650  \0$aFemale$1http://www.wikidata.org/entity/Q6581072$921764
=650  \0$aApplied arts$1http://www.wikidata.org/entity/Q2865882$921627
=651  \0$aChartres (France)$1http://www.wikidata.org/entity/Q130272$939682
=942  \\$cBOO
=952  \\$00$10$2ddc$40$6TOP_FR_CHA_3_000000000000000$70$8TOP$910770$aORPH$bORPH$cKTS0$d2020-07-08$eKoopman$i31E32$l0$oTOP FR.CHA 3$p20123200$r2021-01-12 00:00:00$w2021-01-12$yBOO$OKoopman
=999  \\$d10783

