=LDR  01226cam a2200289   4500
=001  10784
=005  20250603121541.0
=008  761004s1972\\\\fr\\\\\\\b\\\\000\0\fre\\
=020  \\$a9024713471
=040  \\$aOI
=041  \\$afre
=100  \\$aSauvy, Anne$1http://www.wikidata.org/entity/Q112473779$4aut$913792
=245  10$aLivres saisis à Paris entre 1678 et 1701
=260  \\$aThe Hague$bNijhoff$c1972
=300  \\$a430 pages$c25 cm
=490  \\$aArchives internationales d'histoire des idées$v50
=504  \\$aBibliography: p. [401]-413.
=590  \\$aD'après une étude préliminaire de Motoko Ninomiya
=648  \0$a17th Century (1601-1700)$1http://www.wikidata.org/entity/Q7016$920923
=650  \0$aCensorship$1http://www.wikidata.org/entity/Q543$93769
=650  \0$aPublishing$1http://www.wikidata.org/entity/Q3972943$93049
=651  \0$aFrance$1http://www.wikidata.org/entity/Q142$9131
=651  \0$aParis (France)$1http://www.wikidata.org/entity/Q90$9160
=700  \\$aNinomiya, Motoko$4aut$913793
=942  \\$cBOO
=952  \\$00$10$2ddc$40$6BIB_4_000000000000000_FR_PAR_5$70$8BIB$910771$aORPH$bORPH$cKTS0$d2020-07-08$eKoopman$i34A29$oBIB4 FR.PAR 5$p20122631$r2021-01-12 00:00:00$w2021-01-12$yBOO
=999  \\$d10784

