=LDR  01318cam a2200325 a 4500
=001  10786
=005  20250120115939.0
=008  991005s1999\\\\it\a\\\\\bc\\\000\0dita\d
=010  \\$a   00332892 
=020  \\$a8843570250
=040  \\$aFDT$cFDT$dC3L$dCUY$dDLC
=041  1\$aita$hfre
=042  \\$alccopycat
=045  \\$at0u9
=100  \\$aTurchi, Alessandro$d1578-1649$4art$1http://www.wikidata.org/entity/Q507279$913795
=245  10$aAlessandro Turchi detto l'Orbetto, 1578-1649
=246  30$aOrbetto
=260  \\$aMilan$bElecta$c1999
=300  \\$a279 p. :$bill. (mostly col.) ;$c28 cm.
=500  \\$aAt head of title: Museo di Castelvecchio.
=500  \\$aExhibition held in Verona, at the Museo di Castelvecchio, Sept. 19-Dec. 19, 1999.
=504  \\$aBibliography: 269-279.
=648  \0$a17th Century (1601-1700)$1http://www.wikidata.org/entity/Q7016$920923
=651  \0$aItaly$1http://www.wikidata.org/entity/Q38$922
=700  \\$aScaglietti Kelescian, Daniela$4edt$913798
=710  \\$aMuseo di Castelvecchio (Verona, Italy)$91282
=942  \\$cBOO
=952  \\$00$10$2ddc$40$6BIO_TURC_D$70$8BIO$910773$aORPH$bORPH$cKTS1_P$d2020-07-08$eKoopman$i21G01$l0$oBIO TURC d$p20125554$r2021-01-12 00:00:00$w2021-01-12$yBOO
=999  \\$c10786$d10786
=650  \0$aFine art$1http://www.wikidata.org/entity/Q219625$921579

