=LDR  00535aam a2200145   4500
=001  10790
=008  220922s2005\\\\|||a||||\||||\00|\0\ita\d
=041  \\$aita
=100  \\$aScarpa, S.$4aut$913805
=245  \\$aAntichi disegni dalla Collezione Ligabue
=260  \\$aMilan$bElecta$c2005
=650  \0$aFine art$1http://www.wikidata.org/entity/Q219625$921579
=942  \\$cBOO
=952  \\$00$10$2ddc$40$6VIS_SCAR$70$8VIS$910777$aORPH$bORPH$cKTS1_H$d2020-07-08$eKoopman$i47B07$l0$oVIS SCAR$p20121507$r2021-01-12 00:00:00$w2021-01-12$yBOO$OKoopman
=999  \\$d10790

