=LDR  00394    a2200121   4500
=001  10791
=020  \\$a0600318494
=100  \\$aScavizzi, G.$913806
=245  \\$aMaiolica, Delft and Faïence
=260  \\$c1970
=942  \\$cBOO
=952  \\$00$10$2ddc$40$6VIS_SCAV$70$8VIS$910778$aORPH$bORPH$cKTS1_H$d2020-07-08$eKoopman$i24D41$l0$oVIS SCAV$p20129095$r2021-01-12 00:00:00$w2021-01-12$yBOO$OKoopman
=999  \\$c10791$d10791

