=LDR  01309aam a2200253   4500
=001  10793
=005  20251003085458.0
=008  230419s1965\\\\||||||||\||||\00|\0\ger\d
=041  \\$ager
=100  \\$aSchaal, Richard$919055$4aut
=245  \\$aDas Inventar der Kantorei St. Anna in Augsburg: $bEin Beitrag zur protestantischen Musikpflege im 16. und beginnenden 17. Jahrhundert
=260  \\$aKassel$bBärenreiter$bInternationale Vereinigung der Musikbibliotheken$c1965
=300  \\$a107 pages
=490  \\$aCatalogus musicus$v3
=610  \0$1http://www.wikidata.org/entity/Q1542156$aSt.-Anna-Kirche (Augsburg, Germany)$926075
=648  \0$1http://www.wikidata.org/entity/Q7017$a16th Century (1501-1600)$920944
=648  \0$1http://www.wikidata.org/entity/Q7016$a17th Century (1601-1700)$920923
=650  \0$aChurch music$1http://www.wikidata.org/entity/Q8812109$92283
=650  \0$aProtestantism$1http://www.wikidata.org/entity/Q23540$921012
=650  \0$aCatalogue$1http://www.wikidata.org/entity/Q2352616$921484
=651  \0$1http://www.wikidata.org/entity/Q2749$aAugsburg (Germany)$921699
=942  \\$cBOO
=952  \\$00$10$2ddc$40$6BIB_4_000000000000000_DE_AUG$70$8BIB$910780$aORPH$bORPH$cKTS0$d2020-07-08$eKoopman$i22B05$l0$oBIB4 DE.AUG$p20125651$r2021-01-12 00:00:00$w2021-01-12$yBOO$OKoopman
=999  \\$d10793

