=LDR  00373    a2200109   4500
=001  10794
=100  \\$aSchaal, Richard$919055
=245  \\$aQuellen zu Johann Kaspar Kerll
=260  \\$c1962
=942  \\$cBOO
=952  \\$00$10$2ddc$40$6BIO_KERL_E$70$8BIO$910781$aORPH$bORPH$cKTS1_P$d2020-07-08$eKoopman$i25C23$oBIO KERL e$p20129233$r2021-01-12 00:00:00$w2021-01-12$yBOO$OKoopman
=999  \\$c10794$d10794

