=LDR  01010aam a2200229   4500
=001  10795
=005  20251003085458.0
=008  230705s1966\\\\||||||||\c|||\00|\0\ger\d
=041  \\$ager
=100  \\$aSchaal, Richard$919055$4aut
=245  \\$aDie Musikhandschriften des Ansbacher Inventars von 1686
=260  \\$aWilhelmshaven$bHeinrichshofen$c1966
=300  \\$a86 pages
=490  \\$aQuellen-Kataloge zur Musikgeschichte$v1
=648  \0$1http://www.wikidata.org/entity/Q7016$a17th Century (1601-1700)$920923
=650  \0$1http://www.wikidata.org/entity/Q7075$aLibrary$94229
=650  \0$1http://www.wikidata.org/entity/Q87167$aManuscript$92275
=650  \0$1http://www.wikidata.org/entity/Q2352616$aCatalogue$921484
=651  \0$1http://www.wikidata.org/entity/Q14859$aAnsbach (Germany)$923195
=942  \\$cBOO
=952  \\$00$10$2ddc$40$6BIB_4_000000000000000_DE_ANS$70$8BIB$910782$aORPH$bORPH$cKTS0$d2020-07-08$eKoopman$i34A06$l0$oBIB4 DE.ANS$p20122653$r2021-01-12 00:00:00$w2021-01-12$yBOO$OKoopman
=999  \\$d10795

