=LDR  01024aam a2200205   4500
=001  10797
=008  250821s1966\\\\||||||||\||||\00|\0\ger\d
=041  \\$ager
=100  \\$aSchaal, Richard$919055$4aut
=245  \\$aQuellen und Forschungen zur Wiener Musiksammlung von Aloys Fuchs
=260  \\$aGraz$bBöhlau$c1966
=490  \\$aÖsterreichische Akademie der Wissenschaften, Philosophisch-Historische Klasse, Sitzungsberichte$v251.1
=490  \\$aVeröffentlichungen der Kommission für Musikforschung$v5
=600  \0$aFuchs, Aloys$d1799-1853$1http://www.wikidata.org/entity/Q2650628$925006
=648  \0$a19th Century (1801-1900)$1http://www.wikidata.org/entity/Q6955$920935
=650  \0$aCollecting$1http://www.wikidata.org/entity/Q208165$92117
=651  \0$aVienna (Austria)$1http://www.wikidata.org/entity/Q1741$920937
=942  \\$cBOO
=952  \\$00$10$2ddc$40$6BIO_FUCH_DBIB$70$8BIO$910784$aORPH$bORPH$cKTS1_P$d2020-07-08$eKoopman$i43F20$l0$oBIO FUCH d-->BIB$p20126460$r2021-01-12 00:00:00$w2021-01-12$yBOO$OKoopman
=999  \\$d10797

