=LDR  00999aaa a2200205   4500
=001  10798
=008  230103s1977\\\\||||||||\||||\00|\0bger\d
=041  \\$ager
=100  \\$aSchaal, Richard$4aut$919055
=245  \\$aAloys Fuchs als Autographen-Vermittler:$bZum Repertoire der von Fuch vermittelten und begutachteten Manuskripte
=260  \\$aKassel$bBärenreiter$c1976
=500  \\$aOffprint from 'Mozart-Jahrbuch' 1976/77, pp. 225-264
=600  \0$aFuchs, Aloys$d1799-1853$1http://www.wikidata.org/entity/Q2650628$925006
=648  \0$a19th Century (1801-1900)$1http://www.wikidata.org/entity/Q6955$920935
=650  \0$aManuscript$1http://www.wikidata.org/entity/Q87167$92275
=650  \0$aTranslation$1http://www.wikidata.org/entity/Q7553$92492
=651  \0$aAustria$1http://www.wikidata.org/entity/Q40$9202
=942  \\$cBOO
=952  \\$00$10$2ddc$40$6BIO_FUCH_A$70$8BIO$910785$aORPH$bORPH$cKTS1_P$d2020-07-08$eKoopman$i46A20$oBIO FUCH a$p20127577$r2021-01-12 00:00:00$w2021-01-12$yBOO$OKoopman
=999  \\$d10798

