=LDR  00899aam a2200193   4500
=001  10799
=008  230529b1989\\\\||||||||\||||\00|\0\ger\d
=041  \\$ager
=100  \\$aSchaal, Richard$919055$4edt
=245  \\$aDie Briefpartner des Wiener Musikforschers Aloys Fuchs:$bNachweise der Korrespondenzvormerkungen aus den Jahren 1820–1852
=260  \\$c1989$aKassel$bBärenreiter
=300  \\$a[48] pages
=500  \\$aPart of 'Mozart Jahrbuch 1989/90', page 159–217
=600  \0$1http://www.wikidata.org/entity/Q2650628$aFuchs, Aloys$d1799-1853$925006
=650  \0$1http://www.wikidata.org/entity/Q846047$aMusic history$921373
=650  \0$1http://www.wikidata.org/entity/Q1784733$aCorrespondence$921392
=942  \\$cBOO
=952  \\$00$10$2ddc$40$6BIO_FUCH_A$70$8BIO$910786$aORPH$bORPH$cKTS1_P$d2020-07-08$eKoopman$i46A21$l0$oBIO FUCH a$p20127576$r2021-01-12 00:00:00$w2021-01-12$yBOO$OKoopman
=999  \\$d10799

