=LDR  01376aam a2200241   4500
=001  10801
=005  20251003085458.0
=008  210923s1934\\\\\\\|||||\||||\00|\0dger\d
=041  \\$ager
=100  \\$aSchaefer-Schmuck, Käte$4aut$913811
=245  \\$aGeorg Philipp Telemann als Klavierkomponist;$bThematisches Verzeichnis der Klavierwerke Georg Philipp Telemanns
=260  \\$aBorna-Leipzig$bNoske$c1934
=300  \\$a2 volumes (72+38 pages)
=590  \\$aInaugural-Dissertation zur Erlangung der Doktorwürde der Hohen Philosophischen Fakultät der Christian-Albrechts-Universität zu Kiel
=600  \0$aTelemann, Georg Philipp$d1681-1767$1http://www.wikidata.org/entity/Q75854$99287
=648  \0$a18th Century (1701-1800)$1http://www.wikidata.org/entity/Q7015$920899
=650  \0$aKeyboard music$1http://www.wikidata.org/entity/Q105715630$921412
=650  \0$aCatalogue$1http://www.wikidata.org/entity/Q2352616$921484
=651  \0$aGermany$1http://www.wikidata.org/entity/Q183$9155
=942  \\$cBOO
=952  \\$00$10$2ddc$3Thematisches Verzeichnis$40$6BIO_TELE_E$70$8BIO$910788$aORPH$bORPH$cKTS1_P$d2020-07-08$eKoopman$i35B10$oBIO TELE e$p20120780$r2021-01-12 00:00:00$w2021-01-12$yBOO
=952  \\$00$10$2ddc$3Dissertation$40$6BIO_TELE_E$70$8BIO$920644$aORPH$bORPH$cKTS1_P$d2020-07-08$eKoopman$i35B10$l0$oBIO TELE e$p20136771$r2021-09-23 00:00:00$w2021-01-12$yBOO
=999  \\$d10801

