=LDR  01214nam a22002657a 4500
=001  10804
=005  20250213154202.0
=008  950913s1994\\\\sz\af\\\\b\\\\001\0\mul\d
=040  \\$aOI
=041  \\$ager
=245  04$aDas Silbermann-Archiv.$bDer handschriftliche Nachlass des Orgelmachers Johann Andreas Silbermann (1712-1783)
=260  \\$aWinterthur$bAmadeus$c1994
=300  \\$a560 pages$c30 cm
=490  \\$aPrattica musicale$vVolume 4
=504  \\$aIncludes bibliography (p. 540-547) and indexes.
=600  \0$aSilbermann, Johann Andreas$d1712-1783$1http://www.wikidata.org/entity/Q321618$96380
=648  \0$a18th Century (1701-1800)$1http://www.wikidata.org/entity/Q7015$920899
=650  \0$aOrgan$1http://www.wikidata.org/entity/Q1444$92810
=650  \0$aOrganology$1http://www.wikidata.org/entity/Q899293$921400
=650  \0$aCorrespondence$1http://www.wikidata.org/entity/Q1784733$921392
=651  \0$aGermany$1http://www.wikidata.org/entity/Q183$9155
=700  \\$aSchaefer, Marc$4edt$921210
=942  \\$cBOO
=952  \\$00$10$2ddc$40$6INS_3_000000000000000_1B2_SILB$70$8INS$910791$aORPH$bORPH$cKTS0$d2020-07-08$eKoopman$i18F30$oINS3.1b2 SILB$p20127771$r2021-01-12 00:00:00$w2021-01-12$yBOO
=999  \\$d10804

