=LDR  01676aam a2200229   4500
=001  10806
=008  220112s1993\\\\\\\|||||\||||\00|\0\fre\d
=020  \\$a9782070532308
=041  \\$afre
=100  \\$aSchaer, Roland$4aut$913814
=245  \\$aL'Invention des musées
=250  \\$a1st ed.
=260  \\$aParis$bGallimard$c1993
=520  \\$aAu commencement était un mythe, le musée d'Alexandrie, où se perd l'origine du mot. Les «trésors» des temples antiques et des églises médiévales attestent, bien avant la Renaissance, d'une pratique de la collection. Mais c'est le XVIIe siècle, après la floraison des cabinets de curiosité, qui invente la muséographie, comme forme organisée de l'expérience. Si la monarchie s'était déjà engagée dans la conservation des œuvres d'art, c'est à la Révolution française qu'il revient de découvrir la notion de patrimoine. Le musée devient dès lors une institution. Les XIXe et XXe siècles marqueront son âge d'or. D'Alexandrie au Grand Louvre, Roland Schaer retrace une histoire des musées à travers le monde, celle de l'acquisition de biens inestimables, mais aussi celle de l'idée même de mémoire des lieux et des hommes. 
=648  \0$aPast$1http://www.wikidata.org/entity/Q192630$922196
=650  \0$aMusic$92062
=650  \0$aXylophone$1http://www.wikidata.org/entity/Q165666$922451
=650  \0$aCollecting$1http://www.wikidata.org/entity/Q208165$92117
=650  \0$aCuckoo$1http://www.wikidata.org/entity/Q18845$922474
=942  \\$cBOO
=952  \\$00$10$2ddc$40$6HUM_SCHA$70$8HUM$910793$aORPH$bORPH$cKM12_1$d2020-07-08$eKoopman$i20D52$oHUM SCHA$p20129741$r2021-01-12 00:00:00$w2021-01-12$yBOO
=999  \\$d10806

