=LDR  00384    a2200109   4500
=001  10811
=100  \\$aSchaik, J. A. S. van$913819
=245  \\$aInleiding, Verklaring en Tekstboe
=260  \\$c1916
=942  \\$cBOO
=952  \\$00$10$2ddc$40$6BIO_DIEP_B$70$8BIO$910798$aORPH$bORPH$cKTS1_P$d2020-07-08$eKoopman$i30B36$l0$oBIO DIEP b$p20123390$r2021-01-12 00:00:00$w2021-01-12$yBOO$OKoopman
=999  \\$c10811$d10811

