=LDR  01360ncm a2200289 a 4500
=001  10812
=005  20250120115940.0
=008  971120s1997\\\\ne\uuz\\\hi\\\\n\\\\\\\\d
=010  \\$a   98701507 
=020  \\$a9072786076
=035  \\$a(OCoLC)37977850 
=040  \\$aNcU$cNcU$dDLC
=042  \\$alccopycat
=245  00$aInstrumental music of the Trecento :$ba critical edition of the instrumental repertoire of the manuscript London, British Library, add. 29987 /$cedited by Martin van Schaik, Christiane Schima.
=260  \\$aUtrecht :$bSTIMU, Foundation for Historical Performance Practice,$c1997.
=300  \\$a54 p. of music :$bfacsim. ;$c30 cm.
=500  \\$aUnacc. melodies.
=500  \\$aIncludes introd. and editorial note.
=504  \\$aIncludes bibliographical references (p. 53-54).
=650  \0$aInstrumental music$1http://www.wikidata.org/entity/Q639197$92106
=700  \\$aSchaik, Marinus Jan Hendrikus van$d-1955$913820
=700  \\$aSchima, Christiane$d1955-$913821
=710  \\$aBritish Library (London, United Kingdom)$1http://www.wikidata.org/entity/Q23308$91593
=942  \\$cBOO
=952  \\$00$10$2ddc$40$6SCO_MISC_VANS$70$8SCO$910799$aORPH$bORPH$cKTS1_H$d2020-07-08$eKoopman$i20G33$l0$oSCO MISC VANS$p20128155$r2021-01-12 00:00:00$w2021-01-12$ySCO$OKoopman
=999  \\$c10812$d10812
=651  \0$aItaly$1http://www.wikidata.org/entity/Q38$922

