=LDR  00887aam a2200193   4500
=001  10814
=008  230901s1988\\\\||||||||\||||\00|\0\dut\d
=020  \\$a9025466095
=041  \\$adut$heng
=100  \\$aSchama, Simon$d1945-$cSir$4aut$913823
=245  \\$aOvervloed en onbehagen:$bDe Nederlandse cultuur in de Gouden Eeuw
=260  \\$aAmsterdam$bContact$c1988
=648  \0$1http://www.wikidata.org/entity/Q7016$a17th Century (1601-1700)$920923
=650  \0$1http://www.wikidata.org/entity/Q858517$aCultural history$922395
=651  \0$1http://www.wikidata.org/entity/Q55$aNetherlands$9173
=765  \\$aThe Embarrassment of Riches: An Interpretation of Dutch Culture in the Golden Age
=942  \\$cBOO
=952  \\$00$10$2ddc$40$6TOP_NL_5_000000000000000$70$8TOP$910801$aORPH$bORPH$cKTS0$d2020-07-08$eKoopman$i40E02$l0$oTOP NL 5$p20120271$r2021-01-12 00:00:00$w2021-01-12$yBOO$OKoopman
=999  \\$d10814

