=LDR  01520cam a2200313 a 4500
=001  10816
=005  20251003085458.0
=008  880407s1987\\\\ne\a\\\\\bc\\f000\0\dut\\
=020  \\$a9012055806 :$cfl 70.00
=040  \\$aOI
=041  \\$adut$aeng
=100  \\$aSchapelhouman, Marijn$4aut$913825
=245  10$aNederlandse tekeningen omstreeks 1600$c= Netherlandish Drawings circa 1600
=260  \\$aThe Hague$bStaatsuitgeverij$c1987.
=300  \\$axxviii-233 pages$billustrations (some color)$c30 cm
=490  1\$aCatalogus van de Nederlandse tekeningen in het Rijksprentenkabinet, Rijksmuseum, Amsterdam$v3
=500  \\$aIncludes supplement to v. 2 of the series.
=504  \\$aIncludes bibliographical references (p. 199-202) and index.
=610  \0$aRijksmuseum (Amsterdam, Netherlands)$1http://www.wikidata.org/entity/Q190804$91244
=648  \0$a16th Century (1501-1600)$1http://www.wikidata.org/entity/Q7017$920944
=648  \0$a17th Century (1601-1700)$1http://www.wikidata.org/entity/Q7016$920923
=650  \0$aFine art$1http://www.wikidata.org/entity/Q219625$921579
=650  \0$aCatalogue$1http://www.wikidata.org/entity/Q2352616$921484
=651  \0$aNetherlands$1http://www.wikidata.org/entity/Q55$9173
=700  \\$aDam-Pank, Diana van$926984$4trl
=700  \\$aRicketts, Diane$926985$4trl
=942  \\$cBOO
=952  \\$00$10$2ddc$40$6TOP_NL_5_000000000000000$70$8TOP$910803$aORPH$bORPH$cKTS0$d2020-07-08$eKoopman$i19G36$l0$oTOP NL 5$p20125182$r2021-01-12 00:00:00$w2021-01-12$yBOO$OKoopman
=999  \\$d10816

