=LDR  01057nam a2200241 a 4500
=001  10817
=005  20250120120010.0
=008  870519s1986\\\\gw\a\\\\\b\\\\001\0bger\\
=020  \\$a3889790194
=040  \\$aOI
=100  \\$aSchardig, Waltraut$913826
=245  10$aFriedrich Chrysander, Leben und Werk /$cWaltraut Schardig.
=260  \\$aHamburg :$bVerlag der Musikalienhandlung K.D. Wagner,$c1986.
=300  \\$a332 p. :$bill. ;$c21 cm.
=504  \\$aIncludes bibliographies and index.
=600  \0$aChrysander, Friedrich$d1826-1901$1http://www.wikidata.org/entity/Q65274$913827
=650  \0$aMusicologist$1http://www.wikidata.org/entity/Q14915627$92342
=942  \\$cBOO
=952  \\$00$10$2ddc$40$6BIO_CHRY_D$70$8BIO$910804$aORPH$bORPH$cKTS1_P$d2020-07-08$eKoopman$i32D07$oBIO CHRY d$p20123135$r2021-01-12 00:00:00$w2021-01-12$yBOO$OKoopman
=999  \\$c10817$d10817
=490  \\$aHamburger Beiträge zur Musikwissenschaft ;$vBd. 32
=651  \0$aGermany$1http://www.wikidata.org/entity/Q183$9155
=650  \0$aBiography$1http://www.wikidata.org/entity/Q36279$91927

