=LDR  01457cam a2200289u  4500
=001  10818
=005  20251001162312.0
=008  810327s1969\\\\gw\\\\\\\\\\\\000\0bger\\
=041  \\$ager
=100  \\$aScharlau, Ulf$4aut$913828
=245  10$aAthanasius Kircher (1601-1680) als Musikschriftsteller:$bEin Beitrag zur Musikanschauung des Barock
=260  \\$aMarburg$bGörich & Weiershäuser$c1969
=300  \\$ax-405-[24] pages
=490  \\$aStudien zur hessischen Musikgeschichte$v2
=600  \0$aKircher, Athanasius$d1602-1680$1http://www.wikidata.org/entity/Q76738$97040
=648  \0$a17th Century (1601-1700)$1http://www.wikidata.org/entity/Q7016$920923
=648  \0$a20th Century (1901-2000)$1http://www.wikidata.org/entity/Q6927$920936
=650  \0$aComposer$1http://www.wikidata.org/entity/Q36834$93625
=650  \0$aBiography$1http://www.wikidata.org/entity/Q36279$91927
=650  \0$aMusic history$1http://www.wikidata.org/entity/Q846047$921373
=650  \0$aMusic theory$1http://www.wikidata.org/entity/Q193544$92662
=650  \0$aMusic philosophy and aesthetics$1http://www.wikidata.org/entity/Q2092865$921165
=651  \0$aGermany$1http://www.wikidata.org/entity/Q183$9155
=651  \0$aRome (Italy)$1http://www.wikidata.org/entity/Q220$949
=942  \\$cBOO
=952  \\$00$10$2ddc$40$6BIO_KIRC_D$70$8BIO$910805$aORPH$bORPH$cKTS1_P$d2020-07-08$eKoopman$i23G36$l0$oBIO KIRC d$p20125751$r2021-01-12 00:00:00$w2021-01-12$yBOO$OKoopman
=999  \\$d10818

