=LDR  00382    a2200109   4500
=001  10819
=100  \\$aScharnagl, August$d1914-2007$911341
=245  \\$aJohann Franz Xaver Sterkel
=260  \\$c1943
=942  \\$cBOO
=952  \\$00$10$2ddc$40$6BIO_STER_D$70$8BIO$910806$aORPH$bORPH$cKTS1_P$d2020-07-08$eKoopman$i19C23$oBIO STER d$p20127907$r2021-01-12 00:00:00$w2021-01-12$yBOO$OKoopman
=999  \\$c10819$d10819

