=LDR  00760aam a2200181   4500
=001  10821
=008  231230s1981\\\\||||||||\||||\00|\0\dut\d
=020  \\$a9012036739
=041  \\$adut
=100  \\$aSchatborn, Peter$914482
=245  \\$aFiguurstudies, Nederlandse tekeningen uit de 17de eeuw
=260  \\$aThe Hague$bStaatsuitgeverij$c1981
=648  \0$a17th Century (1601-1700)$1http://www.wikidata.org/entity/Q7016$920923
=650  \0$aFine art$1http://www.wikidata.org/entity/Q219625$921579
=651  \0$aNetherlands$1http://www.wikidata.org/entity/Q55$9173
=942  \\$cBOO
=952  \\$00$10$2ddc$40$6TOP_NL_5_000000000000000$70$8TOP$910808$aORPH$bORPH$cKTS0$d2020-07-08$eKoopman$i20A13$l0$oTOP NL 5$p20128044$r2021-01-12 00:00:00$w2021-01-12$yBOO$OKoopman
=999  \\$d10821

