=LDR  00830cam a2200217 i 4500
=001  10822
=008  760504s1975\\\\gw\a\\\\\b\\\\001\0\ger\\
=041  \\$ager
=100  \\$aScheck, Gustav$d1901-1984$4aut$913832
=245  14$aDie Flöte und ihre Musik
=260  \\$aMainz $bSchott$c1975
=300  \\$a263 pages$bill. $c28 cm
=500  \\$aIncludes music.
=500  \\$aIncludes index.
=504  \\$aBibliography: p. 260-261.
=650  \0$aFlute$1http://www.wikidata.org/entity/Q11405$921276
=650  \0$aMusic history$1http://www.wikidata.org/entity/Q846047$921373
=650  \0$aOrganology$1http://www.wikidata.org/entity/Q899293$921400
=942  \\$cBOO
=952  \\$00$10$2ddc$40$6INS_6_000000000000000_2A$70$8INS$910809$aORPH$bORPH$cKTS0$d2020-07-08$eKoopman$i43B04$oINS6.2a$p20127248$r2021-01-12 00:00:00$w2021-01-12$yBOO
=999  \\$d10822

