=LDR  01458nam a2200289 a 4500
=001  10823
=005  20250120115940.0
=008  980716s1998\\\\gw\g\\\\\b\\\\001\0\ger\d
=010  \\$a   98171359 
=020  \\$a3775123768
=035  \\$a(OCoLC)39483338
=040  \\$aIND$cIND$dDLC
=042  \\$alccopycat
=100  \\$aSchedensack, Elisabeth.$913833
=245  14$aDie Solomotetten Isabellas Leonardas (1620-1704) :$bAnalysen sämtlicher Solomotetten und ausgewählte Transkriptionen /$cvon Elisabeth Schedensack.
=260  \\$aNeuhausen :$bAmerican Institute of Musicology :$bHänssler-Verlag,$c1998.
=300  \\$a2 v. :$bmusic ;$c27 cm.
=490  1\$aMusicological studies & documents,$x0077-2496 ;$v50
=504  \\$a"Werkverzeichnis": v. 1, p. 9-18.
=504  \\$aIncludes bibliographical references (v. 1, p. 138-145) and index.
=600  \0$aLeonarda, Isabella$d1620-1704$1http://www.wikidata.org/entity/Q434748$913834
=650  \0$aMotet$1http://www.wikidata.org/entity/Q188285$92028
=700  \2$aLeonarda, Isabella$d1620-1704$1http://www.wikidata.org/entity/Q434748$913834
=942  \\$cBOO
=952  \\$00$10$2ddc$40$6BIO_LEON_E$70$8BIO$910810$aORPH$bORPH$cKTS1_P$d2020-07-08$eKoopman$i46A10-1$oBIO LEON e$p20127590$r2021-01-12 00:00:00$w2021-01-12$yBOO$OKoopman
=952  \\$00$10$2ddc$40$6BIO_LEON_E$70$8BIO$910811$aORPH$bORPH$cKTS1_P$d2020-07-08$eKoopman$i46A10-2$oBIO LEON e$p20127589$r2021-01-12 00:00:00$w2021-01-12$yBOO$OKoopman
=999  \\$d10823

