=LDR  01132cam a2200253 a 4500
=001  10826
=005  20250120120413.0
=008  850206s1986\\\\inuacg\\\b\\\\001\0beng\\
=020  \\$a0253388236
=040  \\$aOI
=100  \\$aJerold, Beverly,$d-1938$913838
=245  10$aJean-Henry D'Anglebert and the seventeenth-century clavecin school /$cBeverly Scheibert.
=260  \\$aBloomington :$bIndiana University Press,$cc1986.
=300  \\$axi, 239 p. :$bill., ports., music ;$c25 cm.
=504  \\$aBibliography: p. 204-217.
=500  \\$aIncludes index.
=600  \0$ad'Anglebert, Jean-Henri$d1629-1691$1http://www.wikidata.org/entity/Q551328$97002
=650  \0$aComposer$1http://www.wikidata.org/entity/Q36834$93625
=650  \0$aKeyboard music$1http://www.wikidata.org/entity/Q105715630$921412
=942  \\$cBOO
=952  \\$00$10$2ddc$40$6BIO_DANG_E$70$8BIO$910813$aORPH$bORPH$cKTS1_P$d2020-07-08$eKoopman$i31F29$l0$oBIO DANG e$p20123145$r2021-01-12 00:00:00$w2021-01-12$yBOO$OKoopman
=999  \\$c10826$d10826
=651  \0$aFrance$1http://www.wikidata.org/entity/Q142$9131
=650  \0$aBiography$1http://www.wikidata.org/entity/Q36279$91927

