=LDR  00973cam a2200241 a 4500
=001  10843
=005  20250925143259.0
=008  830827s1982\\\\gw\aof\\\b\\\\000\0\ger\\
=041  \\$ager
=245  10$aAlte Kirchen in und um Bremen:$bKunstschätze im Weserraum
=260  \\$aBremen$bSchünemann$c1982
=300  \\$a144 pages
=504  \\$aBibliography: p.  144.
=648  \0$a20th Century (1901-2000)$1http://www.wikidata.org/entity/Q6927$920936
=650  \0$aArchitecture$1http://www.wikidata.org/entity/Q12271$93185
=650  \0$aChurch$1http://www.wikidata.org/entity/Q16970$93776
=651  \0$aBremen (Germany)$1http://www.wikidata.org/entity/Q24879$922658
=700  \\$aScheidulin, Hans$4pht$913841
=700  \\$aKloos, Werner$4aut$913842
=700  \\$aWittstock, Jürgen$913843$4aut
=942  \\$cBOO
=952  \\$00$10$2ddc$40$6TOP_DE_BRE$70$8TOP$910830$aORPH$bORPH$cKTS0$d2020-07-08$eKoopman$i28D04$oTOP DE.BRE$p20123605$r2021-01-12 00:00:00$w2021-01-12$yBOO
=999  \\$d10843

