=LDR  07853aaa a2200613   4500
=001  10844
=005  20251003085458.0
=008  211207i19551994\\\|||||\c|||\00|\0\ger\d
=020  \\$a3761808054
=041  \\$ager
=245  \\$aDeutsches Musikgeschichtliches Archiv Kassel:$bKatalog der Filmsammlung
=246  1\$aMitteilungen und Katalog der Filmsammlung
=260  \\$aKassel$bBärenreiter$c1955-1994
=300  \\$a25 vols.
=500  \\$aVol. 1 is published in 1955, 2 in 1956, 3 in 1957, 4 in 1960, 5 in 1962, 6 in 1963, 7 in 1965, 8 in 1967, 9 in 1972, 10 in 1974, 11 in 1975, 12 in 1976, 13 in 1977, 14-15 in 1978, 16 in 1980, 17 in 1981, 18 in 1984, 19 in 1985, 20/21 in 1987/88, 22 in 1990, 23 in 1991, 24 in 1992, 25 in 1994
=500  \\$aThe Deutsche Musikgeschichtliche Archiv (DMgA) was set up in 1954 in Kassel by the “Musikgeschichtliche Kommission”, an association founded the preceding year. The commission’s task is to publish musical sources and make them available to the public. In the DMgA, microfilms and microfiches on German music history are collected from all over the world. Today the collection includes more than 33,000 sources from over 500 libraries and archives. The documents stem from the late 15th century to the early 19th century. There is also a collection of historic photographs of composers from the second half of the 19th century. Where there are institutes which have been set up to research certain composers such as Bach or Mozart, documents for these composers have not been collected for the DMgA. The archive is supported financially by the state of Hesse and Kassel. It is open to both researchers and members of the general public. Since mid-2009 the archive is located at Bärenreiter.
=505  1\$aBd. 4, Nr. 1. Die Musikalien der Kreisbibliothek Eutin und der Bibliothek des Mariengymnasiums Jever -- Bd. 4, Nr. 2-3. Die Musikalien der Bibliotheca Fürstenbergiana zu Herdringen (1 v.) -- Bd. 4, Nr. 4. Musikhandschriften aus der Augustinerkirche zu Gotha -- Bd. 4, Nr. 5. Musikhandschriften um 1800 aus thüringischen Pfarrarchiven Niedertrebra, Schönstedt, Tabarz -- Bd. 4, Nr. 6. Addenda et corrigenda. Register   -- Bd. 5, Nr. 2. Einzeldrücke des 16. bis frühen 19. Jahrhunderts -- Bd. 5, Nr. 3. Sammeldrucke des 16. und 17. Jahrhunderts
=561  \\$aEx libris Alfred Dürr
=610  \0$aDeutsches Musikgeschichtliches Archiv Kassel (Germany)$91410
=650  \0$aMicrofilm$1http://www.wikidata.org/entity/Q12498524$93094
=650  \0$aManuscript$1http://www.wikidata.org/entity/Q87167$92275
=650  \0$aCatalogue$1http://www.wikidata.org/entity/Q2352616$921484
=650  \0$aMusic history$1http://www.wikidata.org/entity/Q846047$921373
=651  \0$aGermany$1http://www.wikidata.org/entity/Q183$9155
=700  \\$4aut$aScheitler, I.$913844
=700  \\$4aut$aKindermann, Jürgen$912002
=700  \\$4aut$aHeckmann, Harald$d1924-2023$1http://www.wikidata.org/entity/Q1584532$912001
=700  \\$aBirkendorf, Rainer$4aut$912003
=942  \\$cBOO
=952  \\$00$10$2ddc$3vol. 10 (Band II/4)$40$6BIB_4_000000000000000_DE_KAS$70$8BIB$98697$aORPH$bORPH$cKTS0$d2020-07-08$eKoopman$i45B23$oBIB4 DE.KAS$p20127379$r2021-01-12 00:00:00$w2021-01-12$yBOO
=952  \\$00$10$2ddc$3vol. 11 (Band II/5)$40$6BIB_4_000000000000000_DE_KAS$70$8BIB$98698$aORPH$bORPH$cKTS0$d2020-07-08$eKoopman$i45B23$oBIB4 DE.KAS$p20127378$r2021-01-12 00:00:00$w2021-01-12$yBOO
=952  \\$00$10$2ddc$3vol. 12 (Band II/6)$40$6BIB_4_000000000000000_DE_KAS$70$8BIB$98699$aORPH$bORPH$cKTS0$d2020-07-08$eKoopman$i45B23$oBIB4 DE.KAS$p20127377$r2021-01-12 00:00:00$w2021-01-12$yBOO
=952  \\$00$10$2ddc$3vol. 13 (Band III/1)$40$6BIB_4_000000000000000_DE_KAS$70$8BIB$98700$aORPH$bORPH$cKTS0$d2020-07-08$eKoopman$i45B23$oBIB4 DE.KAS$p20127376$r2021-01-12 00:00:00$w2021-01-12$yBOO
=952  \\$00$10$2ddc$3vol. 14 (Band III/2)$40$6BIB_4_000000000000000_DE_KAS$70$8BIB$98701$aORPH$bORPH$cKTS0$d2020-07-08$eKoopman$i45B23$oBIB4 DE.KAS$p20127375$r2021-01-12 00:00:00$w2021-01-12$yBOO
=952  \\$00$10$2ddc$3vol. 15 (Band III/3)$40$6BIB_4_000000000000000_DE_KAS$70$8BIB$98702$aORPH$bORPH$cKTS0$d2020-07-08$eKoopman$i45B23$oBIB4 DE.KAS$p20127374$r2021-01-12 00:00:00$w2021-01-12$yBOO
=952  \\$00$10$2ddc$3vol. 16 (Band III/4)$40$6BIB_4_000000000000000_DE_KAS$70$8BIB$98703$aORPH$bORPH$cKTS0$d2020-07-08$eKoopman$i45B23$oBIB4 DE.KAS$p20127373$r2021-01-12 00:00:00$w2021-01-12$yBOO
=952  \\$00$10$2ddc$3vol. 17 (Band III/5)$40$6BIB_4_000000000000000_DE_KAS$70$8BIB$98704$aORPH$bORPH$cKTS0$d2020-07-08$eKoopman$i45B23$oBIB4 DE.KAS$p20127372$r2021-01-12 00:00:00$w2021-01-12$yBOO
=952  \\$00$10$2ddc$3vol. 18 (Band III/6)$40$6BIB_4_000000000000000_DE_KAS$70$8BIB$98705$aORPH$bORPH$cKTS0$d2020-07-08$eKoopman$i45B23$oBIB4 DE.KAS$p20127371$r2021-01-12 00:00:00$w2021-01-12$yBOO
=952  \\$00$10$2ddc$3vol. 19 (Band IV/1)$40$6BIB_4_000000000000000_DE_KAS$70$8BIB$98706$aORPH$bORPH$cKTS0$d2020-07-08$eKoopman$i45B23$oBIB4 DE.KAS$p20127370$r2021-01-12 00:00:00$w2021-01-12$yBOO
=952  \\$00$10$2ddc$3vol. 2 (Band I/2)$40$6BIB_4_000000000000000_DE_KAS$70$8BIB$98707$aORPH$bORPH$cKTS0$d2020-07-08$eKoopman$i45B23$oBIB4 DE.KAS$p20127387$r2021-01-12 00:00:00$w2021-01-12$yBOO
=952  \\$00$10$2ddc$3vols. 20-21 (Band IV/2-3)$40$6BIB_4_000000000000000_DE_KAS$70$8BIB$98708$aORPH$bORPH$cKTS0$d2020-07-08$eKoopman$i45B23$oBIB4 DE.KAS$p20127368$r2021-01-12 00:00:00$w2021-01-12$yBOO
=952  \\$00$10$2ddc$3vol. 22 (Band IV/4)$40$6BIB_4_000000000000000_DE_KAS$70$8BIB$98709$aORPH$bORPH$cKTS0$d2020-07-08$eKoopman$i45B23$oBIB4 DE.KAS$p20127367$r2021-01-12 00:00:00$w2021-01-12$yBOO
=952  \\$00$10$2ddc$3vol. 23 (Band IV/5)$40$6BIB_4_000000000000000_DE_KAS$70$8BIB$98710$aORPH$bORPH$cKTS0$d2020-07-08$eKoopman$i45B23$oBIB4 DE.KAS$p20127366$r2021-01-12 00:00:00$w2021-01-12$yBOO
=952  \\$00$10$2ddc$3vol. 24 (Band IV/6)$40$6BIB_4_000000000000000_DE_KAS$70$8BIB$98711$aORPH$bORPH$cKTS0$d2020-07-08$eKoopman$i45B23$oBIB4 DE.KAS$p20127365$r2021-01-12 00:00:00$w2021-01-12$yBOO
=952  \\$00$10$2ddc$3vol. 25 (Band V/1)$40$6BIB_4_000000000000000_DE_KAS$70$8BIB$98712$aORPH$bORPH$cKTS0$d2020-07-08$eKoopman$i45B23$oBIB4 DE.KAS$p20127364$r2021-01-12 00:00:00$w2021-01-12$yBOO
=952  \\$00$10$2ddc$3vol. 3 (Band I/3)$40$6BIB_4_000000000000000_DE_KAS$70$8BIB$98713$aORPH$bORPH$cKTS0$d2020-07-08$eKoopman$i45B23$oBIB4 DE.KAS$p20127386$r2021-01-12 00:00:00$w2021-01-12$yBOO
=952  \\$00$10$2ddc$3vol. 4 (Band I/4)$40$6BIB_4_000000000000000_DE_KAS$70$8BIB$98714$aORPH$bORPH$cKTS0$d2020-07-08$eKoopman$i45B23$oBIB4 DE.KAS$p20127385$r2021-01-12 00:00:00$w2021-01-12$yBOO
=952  \\$00$10$2ddc$3vol. 5 (Band I/5)$40$6BIB_4_000000000000000_DE_KAS$70$8BIB$98715$aORPH$bORPH$cKTS0$d2020-07-08$eKoopman$i45B23$oBIB4 DE.KAS$p20127384$r2021-01-12 00:00:00$w2021-01-12$yBOO
=952  \\$00$10$2ddc$3vol. 6 (Band I/6)$40$6BIB_4_000000000000000_DE_KAS$70$8BIB$98716$aORPH$bORPH$cKTS0$d2020-07-08$eKoopman$i45B23$oBIB4 DE.KAS$p20127383$r2021-01-12 00:00:00$w2021-01-12$yBOO
=952  \\$00$10$2ddc$3vol. 7 (Band II/1)$40$6BIB_4_000000000000000_DE_KAS$70$8BIB$98717$aORPH$bORPH$cKTS0$d2020-07-08$eKoopman$i45B23$oBIB4 DE.KAS$p20127382$r2021-01-12 00:00:00$w2021-01-12$yBOO
=952  \\$00$10$2ddc$3vol. 8 (Band II/2)$40$6BIB_4_000000000000000_DE_KAS$70$8BIB$98718$aORPH$bORPH$cKTS0$d2020-07-08$eKoopman$i45B23$oBIB4 DE.KAS$p20127381$r2021-01-12 00:00:00$w2021-01-12$yBOO
=952  \\$00$10$2ddc$3vol. 9 (Band II/3)$40$6BIB_4_000000000000000_DE_KAS$70$8BIB$98719$aORPH$bORPH$cKTS0$d2020-07-08$eKoopman$i45B23$oBIB4 DE.KAS$p20127380$r2021-01-12 00:00:00$w2021-01-12$yBOO
=952  \\$00$10$2ddc$3vol. 1 (Band I/1)$40$6BIB_4_000000000000000_DE_KAS$70$8BIB$910831$aORPH$bORPH$cKTS0$d2020-07-08$eKoopman$i45B23$oBIB4 DE.KAS$p20127388$r2021-01-12 00:00:00$w2021-01-12$yBOO
=999  \\$d10844

