=LDR  01154nam a22002297i 4500
=001  10846
=005  20250120120238.0
=008  110110s1952\\\\ne\||||||\\\\|||||\|||||c
=040  \\$bOI
=041  \7$adut
=100  1\$aSchellart, Franciscus Jacobus$4aut
=245  10$aVolksboek van Margarieta van Lymborch (1516)
=260  \\$aAmsterdam$aAntwerp$bWereldbibliotheek voor de Stichting "Onze oude letteren"$c1952
=300  \\$aliv-151 pages$c24 cm
=500  \\$aAcademisch proefschrift. A letter from the author to Professor Zaalberg used to be inside this book, but it has been taken out and added to Ton Koopman's collection of letters
=648  \0$a16th Century (1501-1600)$1http://www.wikidata.org/entity/Q7017$920944
=650  \0$aLiterature$1http://www.wikidata.org/entity/Q8242$94439
=651  \0$aNetherlands$1http://www.wikidata.org/entity/Q55$9173
=856  \\$uhttps://www.dbnl.org/tekst/_lim001limb02_01/index.php$3Digital Library for Dutch Literature (DBNL)
=942  \\$cBOO
=952  \\$00$10$2ddc$40$6LIT_SCHE_A$70$8LIT$910833$aORPH$bORPH$cKM12_2_H$d2020-07-08$eKoopman$i38B04$oLIT SCHE a$p20120475$r2021-01-12 00:00:00$w2021-01-12$yBOO
=999  \\$d10846

