=LDR  01218aam a2200241   4500
=001  10847
=008  250114s1872\\\\|||gd|||\||||\00|\0dger\d
=041  \\$ager
=100  \\$aSchelle, Eduard$d1814-1882$1http://www.wikidata.org/entity/Q55675533$4aut$913847
=245  \\$aDie päpstliche Sängerschule in Rom genannt die Sixtinische Capelle.$bEin Musikhistorisches Bild.
=260  \\$c1872$aVienna$bGotthard
=300  \\$axviii-274-[4]  pages$bfolded pages
=561  \\$aEx libris F. Plato (stamp)
=610  \0$aCappella sistina (Vatican, Rome, Italy)$1http://www.wikidata.org/entity/Q2943$923020
=650  \0$aMusic history$1http://www.wikidata.org/entity/Q846047$921373
=650  \0$aSinger$1http://www.wikidata.org/entity/Q177220$93915
=650  \0$aCappella$1http://www.wikidata.org/entity/Q19902156$922910
=650  \0$aInstitution$1http://www.wikidata.org/entity/Q178706$94241
=651  \0$aRome (Italy)$1http://www.wikidata.org/entity/Q220$949
=856  \\$uhttps://books.google.be/books?id=3AfxmLJjA7EC
=942  \\$cBOO
=952  \\$00$10$2ddc$40$6KTS_1_000000000000000_C1_70$70$8RAR$910834$aORPH$bORPH$cKTS1_C1$d2020-07-08$eKoopman$l0$oKTS1 C1.70$p20126701$r2021-01-12 00:00:00$w2021-01-12$yBOO$OKoopman
=999  \\$d10847

