=LDR  01454aam a2200277   4500
=001  10848
=005  20251028123748.0
=008  251028s1968\\\\|||af|||\cb||\00|\0\dut\d
=041  \\$adut
=100  \\$aScheller, R. W.$d1929-$1http://www.wikidata.org/entity/Q91022849$913848$4aut
=245  \\$aItaliaanse tekeningen uit het museum te Rijssel
=260  \\$c1968$aAmsterdam$bRijksmuseum
=300  \\$a48-56 pages
=500  \\$aExhibition Catalogue Amsterdam 2 dec-11 febr/Brussels 23 gebr-7 april 1968
=610  \0$aPalais des Beaux-Arts de Lille (France)$1http://www.wikidata.org/entity/Q2628596$941679
=648  \0$aRenaissance (1400-1600)$1http://www.wikidata.org/entity/Q4692$920965
=648  \0$a17th Century (1601-1700)$1http://www.wikidata.org/entity/Q7016$920923
=648  \0$a18th Century (1701-1800)$1http://www.wikidata.org/entity/Q7015$920899
=650  \0$aExhibition$1http://www.wikidata.org/entity/Q464980$925353
=650  \0$aCatalogue$1http://www.wikidata.org/entity/Q2352616$1http://www.wikidata.org/entity/Q6941730$921484
=650  \0$aFine art$1http://www.wikidata.org/entity/Q219625$921579
=651  \0$aItaly$1http://www.wikidata.org/entity/Q38$922
=651  \0$aLille (France)$1http://www.wikidata.org/entity/Q648$925677
=942  \\$cBOO
=952  \\$00$10$2ddc$40$6TOP_IT_4_000000000000000$70$8TOP$910835$aORPH$bORPH$cKTS0$d2020-07-08$eKoopman$i22E10$l0$oTOP IT 4$p20129579$r2021-01-12 00:00:00$w2021-01-12$yBOO$OKoopman
=999  \\$d10848

