=LDR  01099aam a2200217   4500
=001  10849
=008  250203s1949\\\\||||||||\||||\00|\0afre\d
=041  \\$afre
=100  \\$aSchelstrate, Emmanuel$d1649-1692$1http://www.wikidata.org/entity/Q5373343$913849$4aut
=245  \\$aLa correspondance d'Emmanuel Schelstrate préfet de la bibliothèque vaticane (1683-1692)
=260  \\$aBrussels$c1949
=490  \\$aBibliothèque de l'Institut historique belge de Rome$v1
=610  \0$aBiblioteca apostolica vaticana (Rome, Italy)$1http://www.wikidata.org/entity/Q213678$91531
=648  \0$a17th Century (1601-1700)$1http://www.wikidata.org/entity/Q7016$920923
=650  \0$aLibrary$1http://www.wikidata.org/entity/Q7075$94229
=650  \0$aCorrespondence$1http://www.wikidata.org/entity/Q1784733$921392
=651  \0$aRome (Italy)$1http://www.wikidata.org/entity/Q220$949
=700  \\$aCeyssens, L.$4edt$939629
=942  \\$cBOO
=952  \\$00$10$2ddc$40$6BIO_SCHE6_A$70$8BIO$910836$aORPH$bORPH$cKTS1_P$d2020-07-08$eKoopman$i42A13$l0$oBIO SCHE6 a$p20122140$r2021-01-12 00:00:00$w2021-01-12$yBOO$OKoopman
=999  \\$d10849

