=LDR  01002aam a2200217   4500
=001  10850
=005  20250926134856.0
=008  220812s1960\\\\||||||||\||||\00|\0\dut\d
=041  \\$adut
=100  \\$aSchenck, L.$4aut$913850
=245  \\$aHet gebruik van teksten uit het Oude Testament in de kerkcantates van Johann Sebastian Bach
=260  \\$as.l.$bSchenck$c1960
=600  \0$aBach, Johann Sebastian$d1685-1750$1http://www.wikidata.org/entity/Q1339$94766
=648  \0$a18th Century (1701-1800)$1http://www.wikidata.org/entity/Q7015$920899
=650  \0$aCantata$1http://www.wikidata.org/entity/Q174873$921603
=650  \0$aText$1http://www.wikidata.org/entity/Q234460$94267
=650  \0$aOld Testament$1http://www.wikidata.org/entity/Q19786$923499
=651  \0$aGermany$1http://www.wikidata.org/entity/Q183$9155
=942  \\$cBOO
=952  \\$00$10$40$6BIO_BACH1_E$70$8BIO$910837$aORPH$bORPH$cKTS1_P$d2020-07-08$eKoopman$i22E20$oBIO BACH1 e$p20128892$r2021-01-12 00:00:00$w2021-01-12$yBOO$OKoopman
=999  \\$d10850

