=LDR  01445aam a2200229   4500
=001  10851
=005  20250925143259.0
=008  231201s1962\\\\||||||||\||||\00|\f\dut\d
=041  \\$adut
=100  \\$aSchendel, Arthur van$d1874-1946$1http://www.wikidata.org/entity/Q202355$4aut$913851
=245  \\$aEen zwerver verliefd / een zwerver verdwaald
=260  \\$aAmsterdam$bGeïllustreerde Pers$c1962
=520  \\$aEen zwerver verliefd is de tweede roman van Arthur van Schendel (1874-1946). Een zwerver verliefd gaat over Tamalone, een zwerver die ondanks deze staat tevreden is met zijn leven en vrij gelukkig. De eenzaat wordt zo verliefd op Mevena dat hij alles voor haar doet en haar zelfs helpt bij haar grote liefde te komen. 

In het vervolg, Een zwerver verdwaald, reist Tamalone reist naar Venetië en komt aldaar met velerlei figuren in contact. 


=534  \\$aOriginally published in 1904 and 1907
=648  \0$a20th Century (1901-2000)$1http://www.wikidata.org/entity/Q6927$920936
=650  \0$aNovel$1http://www.wikidata.org/entity/Q8261$921629
=650  \0$aTravel$1http://www.wikidata.org/entity/Q61509$94440
=651  \0$aNetherlands$1http://www.wikidata.org/entity/Q55$9173
=651  \0$aVenice (Italy)$1http://www.wikidata.org/entity/Q641$91
=942  \\$cBOO
=952  \\$00$10$2ddc$40$6LIT_SCHE_A$70$8LIT$910838$aORPH$bORPH$cKM12_2_H$d2020-07-08$eKoopman$i40F41$oLIT SCHE a$p20120217$r2021-01-12 00:00:00$w2021-01-12$yBOO
=999  \\$d10851

