=LDR  00854nam a2200229u  4500
=001  10853
=003  OI
=005  20250925143259.0
=008  770101s1925\\\\ne\||||||\\\\|000\||dut|c
=040  \\$aOI
=041  \\$adut
=100  \\$aSchendel, Arthur van$d1874-1946$1http://www.wikidata.org/entity/Q202355$4aut$913851
=245  10$aVerdichtsel van zomerdagen
=250  \\$a1st ed.
=260  \\$aMaastricht$bBoosten en Stols$c1925
=300  \\$a220 pages
=648  \0$a20th Century (1901-2000)$1http://www.wikidata.org/entity/Q6927$920936
=650  \0$aNovel$1http://www.wikidata.org/entity/Q8261$921629
=651  \0$aNetherlands$1http://www.wikidata.org/entity/Q55$9173
=942  \\$cBOO
=952  \\$00$10$2ddc$40$6LIT_SCHE_A$70$8LIT$910840$aORPH$bORPH$cKM12_2_H$d2020-07-08$eKoopman$i40G20$oLIT SCHE a$p20122245$r2021-01-12 00:00:00$w2021-01-12$yBOO
=999  \\$d10853

