=LDR  00411    a2200109   4500
=001  10854
=100  \\$aSchendel, Arthur van$d1874-1946$1http://www.wikidata.org/entity/Q202355$913851
=245  \\$aBegrip en klaarheid
=260  \\$c1954
=942  \\$cBOO
=952  \\$00$10$2ddc$40$6PHI_SCHE_A$70$8PHI$910841$aORPH$bORPH$cKM12_3_2$d2020-07-08$eKoopman$i40G21$oPHI SCHE a$p20122244$r2021-01-12 00:00:00$w2021-01-12$yBOO
=999  \\$c10854$d10854

