=LDR  01813cam a2200337 a 4500
=001  10856
=005  20250121142126.0
=008  980604s1997\\\\ne\a\\\\\b\\\\001\0cdut\c
=020  \\$a9053562680
=040  \\$aOI
=041  \\$adut
=245  00$aMet en zonder lauwerkrans:$bschrijvende vrouwen uit de vroegmoderne tijd 1550-1850. Van Anna Bijns tot Elise van Calcar: teksten met inleiding en commentaar
=260  \\$aAmsterdam :$bAmsterdam University Press,$cc1997.
=300  \\$axxi, 970 p. :$bill. (some col.) ;$c28 cm.
=504  \\$aIncludes bibliographical references and index.
=590  \\$ahoofdredactie, Riet Schenkeveld-van der Dussen ; redactie, Karel Porteman, Piet Couttenier, Lia van Gemert ; beeldredactie, Hans Luijten, Irene Haan, Katlijne van der Stighelen.
=648  \0$a16th Century (1501-1600)$1http://www.wikidata.org/entity/Q7017$920944
=648  \0$a17th Century (1601-1700)$1http://www.wikidata.org/entity/Q7016$920923
=648  \0$a18th Century (1701-1800)$1http://www.wikidata.org/entity/Q7015$920899
=648  \0$a19th Century (1801-1900)$1http://www.wikidata.org/entity/Q6955$920935
=650  \0$aPoet$1http://www.wikidata.org/entity/Q49757$92954
=650  \0$aFemale$1http://www.wikidata.org/entity/Q6581072$921764
=650  \0$aBiography$1http://www.wikidata.org/entity/Q36279$91927
=650  \0$aTravel$1http://www.wikidata.org/entity/Q61509$94440
=650  \0$aBiography$1http://www.wikidata.org/entity/Q36279$91927
=651  \0$aNetherlands$1http://www.wikidata.org/entity/Q55$9173
=700  \\$aSchenkeveld-van der Dussen, Riet$913854
=700  \\$aPorteman, K.$913625
=942  \\$cBOO
=952  \\$00$10$2ddc$40$6TOP_NL_4_000000000000000$70$8TOP$910843$aORPH$bORPH$cKTS0$d2020-07-08$eKoopman$i31G02$oTOP NL 4$p20121035$r2021-01-12 00:00:00$w2021-01-12$yBOO
=999  \\$d10856

