=LDR  00875aam a2200205   4500
=001  10860
=008  230322s1984\\\\||||||||\||||\00|\0\dut\d
=020  \\$a9070534061
=022  \\$a01687182
=041  \\$adut
=100  \\$aScherft, P.$913857$4aut
=245  \\$aEen speurtocht door Zeeuws muziekverleden
=260  \\$aMiddelburg$bKoninklijke Zeeuwsch Genootschap der Wetenschappen$c1984
=490  \\$aWerken uitgegeven door het Koninklijk Zeeuwsch Genootschap der Wetenschappen$v2
=561  \\$aAutograph signature by the author
=650  \0$aMusic history$1http://www.wikidata.org/entity/Q846047$921373
=651  \0$aZeeland (Netherlands)$1http://www.wikidata.org/entity/Q705$922789
=942  \\$cBOO
=952  \\$00$10$2ddc$40$6TOP_NL_ZEE2$70$8TOP$910847$aORPH$bORPH$cKTS0$d2020-07-08$eKoopman$i37D24$l0$oTOP NL.ZEE2$p20120532$r2021-01-12 00:00:00$w2021-01-12$yBOO$OKoopman
=999  \\$d10860

