=LDR  01028aam a2200205   4500
=001  10861
=005  20250926134856.0
=008  221010s1941\\\\||||||||\||||\00|\0bger\d
=041  \\$ager
=100  \\$aSchering, Arnold$d1877-1941$4aut$1http://www.wikidata.org/entity/Q67576$97759
=245  \\$aMusikgeschichte Leipzigs$nDritter Band$pJohann Sebastian Bach und das Musikleben Leipzigs im 18. Jahrhundert
=260  \\$aLeipzig$bKistner & Siegel$c1941
=600  \0$aBach, Johann Sebastian$d1685-1750$1http://www.wikidata.org/entity/Q1339$94766
=648  \0$a18th Century (1701-1800)$1http://www.wikidata.org/entity/Q7015$920899
=650  \0$aComposer$1http://www.wikidata.org/entity/Q36834$93625
=650  \0$aMusic history$1http://www.wikidata.org/entity/Q846047$921373
=651  \0$aLeipzig (Germany)$1http://www.wikidata.org/entity/Q2079$945
=942  \\$cBOO
=952  \\$00$10$40$6BIO_BACH1_E$70$8BIO$910848$aORPH$bORPH$cKTS1_P$d2020-07-08$eKoopman$i19D28$oBIO BACH1 e$p20127840$r2021-01-12 00:00:00$w2021-01-12$yBOO$OKoopman
=999  \\$d10861

