=LDR  00923aam a2200193   4500
=001  10862
=008  221010s1926\\\\|||fga||\b|||\001\0dger\d
=041  \\$ager
=100  \\$aSchering, Arnold$d1877-1941$4aut$1http://www.wikidata.org/entity/Q67576$97759
=245  \\$aMusikgeschichte Leipzigs$nZweiter Band$pvon 1650 bis 1723
=260  \\$aLeipzig$bKistner & Siegel$c1926
=300  \\$axv-486 pages
=648  \0$a17th Century (1601-1700)$1http://www.wikidata.org/entity/Q7016$920923
=648  \0$a18th Century (1701-1800)$1http://www.wikidata.org/entity/Q7015$920899
=650  \0$aMusic history$1http://www.wikidata.org/entity/Q846047$921373
=651  \0$aLeipzig (Germany)$1http://www.wikidata.org/entity/Q2079$945
=942  \\$cBOO
=952  \\$00$10$2ddc$40$6TOP_DE_LEI_5_000000000000000$70$8TOP$910849$aORPH$bORPH$cKTS0$d2020-07-08$eKoopman$i19D34$l0$oTOP DE.LEI 5$p20127834$r2021-01-12 00:00:00$w2021-01-12$yBOO$OKoopman
=999  \\$d10862

