=LDR  01429aam a2200289   4500
=001  10864
=005  20250901113608.0
=008  220406s1905\\\\||||||||\||||\00|\0\ger\d
=040  \\$cOI
=041  \\$ager
=100  \\$aSchering, Arnold$d1877-1941$4aut$1http://www.wikidata.org/entity/Q67576$97759
=245  \\$aGeschichte des Instrumentalkonzerts bis auf die Gegenwart
=260  \\$aLeipzig$bBreitkopf & Härtel$c1905
=300  \\$a226 pages
=490  \\$aKleine Handbücher der Musikgeschichte nach Gattungen
=500  \\$aOne of the first sources to re-introduce Vivaldi's music to the twentieth century.
=600  \0$aVivaldi, Antonio$d1678-1741$1http://www.wikidata.org/entity/Q1340$911980
=648  \0$a17th Century (1601-1700)$1http://www.wikidata.org/entity/Q7016$920923
=648  \0$a18th Century (1701-1800)$1http://www.wikidata.org/entity/Q7015$920899
=648  \0$a19th Century (1801-1900)$1http://www.wikidata.org/entity/Q6955$920935
=650  \0$aConcerto$1http://www.wikidata.org/entity/Q9748$921817
=650  \0$aMusic history$1http://www.wikidata.org/entity/Q846047$921373
=650  \0$aMusical analysis$1http://www.wikidata.org/entity/Q1544924$92775
=651  \0$aEurope$1http://www.wikidata.org/entity/Q46$991
=942  \\$cBOO
=952  \\$00$10$2ddc$40$6GEN_13_000000000000000$70$8GEN$910851$aORPH$bORPH$cKM12_1$d2020-07-08$eKoopman$i30A14$oGEN13$p20123431$r2021-01-12 00:00:00$w2021-01-12$yBOO
=999  \\$d10864

