=LDR  01130aam a2200229   4500
=001  10865
=005  20250926134856.0
=008  240502s1917\\\\||||||||\||||\00|\0bger\d
=041  \\$ager
=100  \\$aSchering, Arnold$d1877-1941$1http://www.wikidata.org/entity/Q67576$4aut$97759
=245  \\$aDer Thomaskantor.$bEin Gemüth-erfreuend Spiel von dem Herren Cantori Sebastian Bachen
=260  \\$aLeipzig$bBreitkopf & Härtel$c1917
=561  \\$aEx libris Fritz und Maria Kleissle
=600  \0$aBach, Johann Sebastian$d1685-1750$1http://www.wikidata.org/entity/Q1339$94766
=648  \0$a17th Century (1601-1700)$1http://www.wikidata.org/entity/Q7016$920923
=648  \0$a18th Century (1701-1800)$1http://www.wikidata.org/entity/Q7015$920899
=650  \0$aComposer$1http://www.wikidata.org/entity/Q36834$93625
=650  \0$aBiography$1http://www.wikidata.org/entity/Q36279$91927
=651  \0$aGermany$1http://www.wikidata.org/entity/Q183$9155
=942  \\$cBOO
=952  \\$00$10$40$6BIO_BACH1_E$70$8BIO$910852$aORPH$bORPH$cKTS1_P$d2020-07-08$eKoopman$i31D29$oBIO BACH1 e$p20121053$r2021-01-12 00:00:00$w2021-01-12$yBOO$OKoopman
=999  \\$d10865

