=LDR  01141aam a2200241   4500
=001  10866
=005  20250926134856.0
=008  240502s1936\\\\||||||||\||||\00|\0dger\d
=041  \\$ager
=100  \\$aSchering, Arnold$d1877-1941$1http://www.wikidata.org/entity/Q67576$4aut$97759
=245  \\$aJohann Sebastian Bachs Leipziger Kirchenmusik.$bStudien und Wege zu ihrer Erkenntnis
=250  \\$a1st ed.
=260  \\$aLeipzig$bBreitkopf & Härtel$c1936
=490  \\$aVeröffentlichungen der Neuen Bachgesellschaft, Vereinsjahr 36$v2
=561  \\$aEx libris Karl Straube
=600  \0$aBach, Johann Sebastian$d1685-1750$1http://www.wikidata.org/entity/Q1339$94766
=648  \0$a18th Century (1701-1800)$1http://www.wikidata.org/entity/Q7015$920899
=650  \0$aChurch music$1http://www.wikidata.org/entity/Q8812109$92283
=650  \0$aLutheranism$1http://www.wikidata.org/entity/Q75809$923975
=651  \0$aGermany$1http://www.wikidata.org/entity/Q183$9155
=942  \\$cBOO
=952  \\$00$10$2ddc$40$6BIO_BACH1_E$70$8BIO$910853$aORPH$bORPH$cKTS1_P$d2020-07-08$eKoopman$i33A15$oBIO BACH1 e$p20123042$r2021-01-12 00:00:00$w2021-01-12$yBOO
=999  \\$d10866

