=LDR  00879aam a2200229   4500
=001  10868
=003  OSt
=005  20250120115916.0
=008  210208s1907\\\\\\\|||||\||||\00|\0\ger\d
=040  \\$cOI
=041  \\$ager
=100  \\$aSchering, Arnold$d1877-1941$4aut$1http://www.wikidata.org/entity/Q67576$97759
=245  \\$aDie Anfänge des Oratoriums
=260  \\$aLeipzig$bBreitkopf & Härtel$c1907
=300  \\$a93 pages
=500  \\$aHabilitationsschrift
=648  \0$a17th Century (1601-1700)$1http://www.wikidata.org/entity/Q7016$920923
=650  \0$aOratorio$1http://www.wikidata.org/entity/Q85477$91825
=650  \0$aMusic history$1http://www.wikidata.org/entity/Q846047$921373
=942  \\$cDIS
=952  \\$00$10$2ddc$40$6GEN_7_000000000000000$70$8GEN$910855$aORPH$bORPH$cKM12_1$d2020-07-08$eKoopman$i44E33$l0$oGEN7$p20126565$r2021-01-12 00:00:00$w2021-01-12$yDIS
=999  \\$d10868

