=LDR  02276cam a22003854a 4500
=001  10869
=005  20251003085458.0
=008  060517e2003\\\\gw\acoh\\b\\\\000\0dger\|
=041  \\$ager
=245  00$a"Theater-Music in der Kirche". Zur Geschichte der Lübecker Abendmusiken.$bAusstellung in der Musikhochschule Lübeck anlässlich der Jahrestagung der Gesellschaft für Musikforschung 24.-27. September 2003
=260  \\$a[Lübeck]$bBibliothek der Hansestadt Lübeck$bMusikhochschule Lübeck$c2003
=300  \\$a79 pages
=490  0\$aSchriften der Stadtbibliothek. $vDritte Reihe - Band 37
=500  \\$amanuscript dedication from editor Scherlies to Ton Koopman on title page
=504  \\$aIncludes bibliographical references (p. 77-79).
=610  \0$aMarienkirche (Lübeck, Germany)$1http://www.wikidata.org/entity/Q695065$91740
=648  \0$a17th Century (1601-1700)$1http://www.wikidata.org/entity/Q7016$920923
=648  \0$a18th Century (1701-1800)$1http://www.wikidata.org/entity/Q7015$920899
=648  \0$a19th Century (1801-1900)$1http://www.wikidata.org/entity/Q6955$920935
=650  \0$aConcert$1http://www.wikidata.org/entity/Q182832$921044
=650  \0$aAbendmusik$1http://www.wikidata.org/entity/Q318973$926413
=650  \0$aOratorio$1http://www.wikidata.org/entity/Q85477$91825
=650  \0$aMusic history$1http://www.wikidata.org/entity/Q846047$921373
=650  \0$aTheater history$1http://www.wikidata.org/entity/Q1061140$94607
=650  \0$aCatalogue$1http://www.wikidata.org/entity/Q2352616$1http://www.wikidata.org/entity/Q6941730$921484
=650  \0$aExhibition$1http://www.wikidata.org/entity/Q464980$925353
=651  \0$aLübeck (Germany)$1http://www.wikidata.org/entity/Q2843$9125
=700  \\$aScherliess, Volker$913859$4aut
=700  \\$aSchnoor, Arndt$910895$4aut
=710  \\$aMusikhochschule Lübeck (Germany)$1http://www.wikidata.org/entity/Q513622$91565$4edt
=710  \\$aBibliothek der Hansestadt Lübeck (Germany)$91314$4edt
=710  \\$aGesellschaft für Musikforschung (Kassel, Germany)$91687$4asn
=942  \\$cBOO
=952  \\$00$10$2ddc$40$6TOP_DE_LUB_5_000000000000000$70$8TOP$910856$aORPH$bORPH$cKTS0$d2020-07-08$eKoopman$i34A37$l0$oTOP DE.LUB 5$p20122625$r2021-01-12 00:00:00$w2021-01-12$yBOO$OKoopman
=999  \\$d10869

