=LDR  00747    a2200169   4500
=001  10871
=008  211119s1908\\\\\\\|||||\||||\00|\0\dut\d
=041  \\$adut
=100  \\$aScheurleer, Daniel François$d1855-1927$4aut$1http://www.wikidata.org/entity/Q3976286$95584
=245  \\$aHet muziekleven te 's Gravenhage
=260  \\$aThe Hague$bNijhoff$c1908
=648  \0$aPast$1http://www.wikidata.org/entity/Q192630$922196
=650  \0$aMusic history$1http://www.wikidata.org/entity/Q846047$921373
=651  \0$aThe Hague (Netherlands)$1http://www.wikidata.org/entity/Q36600$910
=942  \\$cBOO
=952  \\$00$10$2ddc$40$6TOP_NL_HAG$70$8TOP$910858$aORPH$bORPH$cKTS0$d2020-07-08$eKoopman$i20B27$oTOP NL.HAG$p20127977$r2021-01-12 00:00:00$w2021-01-12$yBOO
=999  \\$d10871

