=LDR  00995    a2200229   4500
=001  10873
=008  230912b\\\\\\\\||||||||\||||\00|\0\###\d
=041  \\$adut$deng
=100  \\$aScheurwater, Wouter$913862
=245  \\$aOude klavecimbels
=260  \\$c1977$aBuren$bFrits Knuf
=300  \\$a65 pages
=610  \0$aHaags Gemeentemuseum (The Hague, Netherlands)$91193
=648  \0$1http://www.wikidata.org/entity/Q7016$a17th Century (1601-1700)$920923
=650  \0$1http://www.wikidata.org/entity/Q81982$aHarpsichord$92125
=650  \0$1http://www.wikidata.org/entity/Q217102$aConservation and restoration$922845
=650  \0$1http://www.wikidata.org/entity/Q52954$aKeyboard instrument$92849
=700  \\$4edt$919249$aAcht, Rob van
=700  \\$4edt$913862$aScheurwater, Wouter
=942  \\$cBOO
=952  \\$00$10$2ddc$40$6INS_3_000000000000000_2B_NL_HAG$70$8INS$910860$aORPH$bORPH$cKTS0$d2020-07-08$eKoopman$i23B34$l0$oINS3.2b NL.HAG$p20128521$r2021-01-12 00:00:00$w2021-01-12$yBOO$OKoopman
=999  \\$d10873

