=LDR  01762aam a2200289   4500
=001  10874
=008  211207s1950\\\\\\\g||||\b|||\001\0|dan\d
=041  \\$adan
=100  \\$aSchiørring, Nils$4aut$913863
=245  \\$aDet 16. og 17. arhundredes verdslige Danske visesang:$bEn efterforskning efter det anvendte melodistofs kar og veje
=260  \\$aCopenhagen$bThaning & Appels$c1950
=300  \\$a2 vols. (xvi-397+viii-185 pages)
=500  \\$aSecular Danish folk songs of the 16th and 17th centuries: an investigation into the ways and means of the melodic material used.
=590  \\$aThe Secular Danish Folk Song of the 16th and 17th Centuries: An Investigation into the Used Melodic Shapes and Styles
=648  \0$a16th Century (1501-1600)$1http://www.wikidata.org/entity/Q7017$920944
=648  \0$a17th Century (1601-1700)$1http://www.wikidata.org/entity/Q7016$920923
=650  \0$aSong$1http://www.wikidata.org/entity/Q7366$94164
=650  \0$aMusic history$1http://www.wikidata.org/entity/Q846047$921373
=650  \0$aProfane$1http://www.wikidata.org/entity/Q3922543$923048
=650  \0$aMelody$1http://www.wikidata.org/entity/Q170412$923237
=650  \0$aMusical analysis$1http://www.wikidata.org/entity/Q1544924$92775
=650  \0$aFolk music$1http://www.wikidata.org/entity/Q43343$921594
=651  \0$aDenmark$1http://www.wikidata.org/entity/Q35$921295
=942  \\$cBOO
=952  \\$00$10$2ddc$3vol. 1$40$6TOP_DK_4_000000000000000$70$8TOP$910861$aORPH$bORPH$cKTS0$d2020-07-08$eKoopman$i37E01_01$oTOP DK 4$p20122461$r2021-01-12 00:00:00$w2021-01-12$yBOO
=952  \\$00$10$2ddc$3vol. 2$40$6TOP_DK_4_000000000000000$70$8TOP$910862$aORPH$bORPH$cKTS0$d2020-07-08$eKoopman$i37E01_02$oTOP DK 4$p20122460$r2021-01-12 00:00:00$w2021-01-12$yBOO
=999  \\$d10874

