=LDR  01153    a2200241   4500
=001  10877
=008  211115m20012002gw\g||||\||||\00|\0\ger\d
=020  \\$a3950094407
=020  \\$a3950094415
=041  \\$ager
=100  \\$aSchickhaus, Karl-Heinz$4aut$913866
=245  \\$aDas Hackbrett: $bGeschichte & Geschichten
=260  \\$aSchönau$bTimpanon$c2001-2
=300  \\$a2 vols. (84+95 pages)
=650  \0$aMusic history$1http://www.wikidata.org/entity/Q846047$921373
=650  \0$aDulcimer$1http://www.wikidata.org/entity/Q1588017$93799
=650  \0$aOrganology$1http://www.wikidata.org/entity/Q899293$921400
=651  \0$aAustria$1http://www.wikidata.org/entity/Q40$9202
=651  \0$aGermany$1http://www.wikidata.org/entity/Q183$9155
=942  \\$cBOO
=952  \\$00$10$2ddc$3Folge 1: Österreich$40$6INS_5_000000000000000_4A$70$8INS$910864$aORPH$bORPH$cKTS0$d2020-07-08$eKoopman$i33E12_01$oINS5.4a$p20122977$r2021-01-12 00:00:00$w2021-01-12$yBOO
=952  \\$00$10$2ddc$3Folge 2: Deutschland$40$6INS_5_000000000000000_4A$70$8INS$910865$aORPH$bORPH$cKTS0$d2020-07-08$eKoopman$i33E12_02$oINS5.4a$p20122976$r2021-01-12 00:00:00$w2021-01-12$yBOO
=999  \\$d10877

