=LDR  00913cam a2200205 a 4500
=001  10879
=008  820322s1981\\\\gw\ago\\\\\\\\001\0dger\\
=041  \\$ager
=100  \\$aSchickhaus, Karl-Heinz$4aut$913866
=245  10$aÜber Volksmusik und Hackbrett in Bayern
=260  \\$aMunich$aVienna$aZürich$bBLV Verlagsgesellschaft$c1981
=300  \\$a208 pages$billustrations (some color), music$c22 cm
=504  \\$aIncludes an index.
=650  \0$aFolk music$1http://www.wikidata.org/entity/Q43343$921594
=650  \0$aDulcimer$1http://www.wikidata.org/entity/Q1588017$93799
=650  \0$aMusic history$1http://www.wikidata.org/entity/Q846047$921373
=651  \0$aBavaria (Germany)$1http://www.wikidata.org/entity/Q980$9228
=942  \\$cBOO
=952  \\$00$10$2ddc$40$6TOP_DE_BAV$70$8TOP$910866$aORPH$bORPH$cKTS0$d2020-07-08$eKoopman$i44D31$l0$oTOP DE.BAV$p20126608$r2021-01-12 00:00:00$w2021-01-12$yBOO$OKoopman
=999  \\$d10879

