=LDR  01117aam a2200241   4500
=001  10881
=008  211028s1961\\\\gw\a||||\||||\00|\0\ger\d
=041  \\$ager
=100  \\$aSchierning, Lydia$4aut$913868
=245  \\$aDie Überlieferung der deutschen Orgel- und Klaviermusik aus der ersten Hälfte des 17. Jahrhunderts
=260  \\$aKassel$bBärenreiter$c1961
=300  \\$a147 pages
=561  \\$aEx Libris Ton Koopman
=648  \0$a17th Century (1601-1700)$1http://www.wikidata.org/entity/Q7016$920923
=650  \0$aOrgan$1http://www.wikidata.org/entity/Q1444$92810
=650  \0$aHarpsichord$1http://www.wikidata.org/entity/Q81982$92125
=650  \0$aKeyboard instrument$1http://www.wikidata.org/entity/Q52954$92849
=650  \0$aKeyboard music$1http://www.wikidata.org/entity/Q105715630$921412
=650  \0$aChurch music$1http://www.wikidata.org/entity/Q8812109$92283
=651  \0$aGermany$1http://www.wikidata.org/entity/Q183$9155
=942  \\$cBOO
=952  \\$00$10$2ddc$40$6INS_3A_DE$70$8INS$910868$aORPH$bORPH$cKTS0$d2020-07-08$eKoopman$i21B41$oINS3a DE$p20128400$r2021-01-12 00:00:00$w2021-01-12$yBOO
=999  \\$d10881

