=LDR  01112aam a2200241   4500
=001  10882
=008  240516s1992\\\\||||||||\||||\00|\0bdut\d
=041  \\$adut
=100  \\$aSchiks-de Bot, M.$913869$4aut
=245  \\$aGeorg Friedrich Händel
=260  \\$aAmsterdam$c1992
=490  \\$aAC-reeks$v2408
=600  \0$aHandel, George Frideric$d1685-1759$1http://www.wikidata.org/entity/Q7302$94765
=648  \0$a18th Century (1701-1800)$1http://www.wikidata.org/entity/Q7015$920899
=650  \0$aComposer$1http://www.wikidata.org/entity/Q36834$93625
=650  \0$aBiography$1http://www.wikidata.org/entity/Q36279$91927
=651  \0$aHalle (Saale, Germany)$1http://www.wikidata.org/entity/Q2814$921799
=651  \0$aHamburg (Germany)$1http://www.wikidata.org/entity/Q1055$921940
=651  \0$aItaly$1http://www.wikidata.org/entity/Q38$922
=651  \0$aLondon (United Kingdom)$1http://www.wikidata.org/entity/Q84$9123
=942  \\$cBOO
=952  \\$00$10$2ddc$40$6BIO_HAND_F$70$8BIO$910869$aORPH$bORPH$cKTS1_P$d2020-07-08$eKoopman$i20D61$l0$oBIO HAND f$p20129743$r2021-01-12 00:00:00$w2021-01-12$yPER$OKoopman
=999  \\$d10882

