=LDR  00365    a2200109   4500
=001  10883
=100  \\$aSchildt, M.$913870
=245  \\$aGustav Düben at Work
=260  \\$c2014
=942  \\$cBOO
=952  \\$00$10$2ddc$40$6BIO_DÜBE_E$70$8BIO$910870$aORPH$bORPH$cKTS1_P$d2020-07-08$eKoopman$i46F04$l0$oBIO DÜBE e$p20126918$r2021-01-12 00:00:00$w2021-01-12$yBOO$OKoopman
=999  \\$c10883$d10883

