=LDR  00448    a2200121   4500
=001  10884
=020  \\$a3458172351
=100  \\$aSchiller, Friedrich$d1759-1805$1http://www.wikidata.org/entity/Q22670$96525
=245  \\$aSämtliche Gedichte und Balladen
=260  \\$c2004
=942  \\$cBOO
=952  \\$00$10$2ddc$40$6LIT_SCHI_A$70$8LIT$910871$aORPH$bORPH$cKM12_2_H$d2020-07-08$eKoopman$i40B12$oLIT SCHI a$p20120321$r2021-01-12 00:00:00$w2021-01-12$yBOO
=999  \\$c10884$d10884

