=LDR  01484nam a2200313 a 4500
=001  10885
=005  20250120120010.0
=008  950314s1994\\\\gw\a\\\\\b\\\\001\0bger\d
=010  \\$a   95195817 
=020  \\$a3761811810
=035  \\$a(OCoLC)32324037 
=040  \\$aMH-Mu$cMH-Mu$dOO$dDLC
=042  \\$alccopycat$alccopycat
=043  \\$ae-gx---
=100  \\$aSchilling, Ulrike$913872
=245  10$aPhilipp Spitta :$bLeben und Wirken im Spiegel seiner Briefwechsel : mit einem Inventar des Nachlasses und einer Bibliographie der gedruckten Werke /$cvon Ulrike Schilling.
=260  \\$aKassel ;$aNew York :$bBärenreiter,$cc1994.
=300  \\$axii, 425 p. :$bill. ;$c21 cm.
=500  \\$aOriginally presented as the author's thesis (Tübingen, 1993).
=504  \\$a"Bibliographie der zu seinen Lebzeiten gedruckten Werke Philipp Spittas": p. [311]-322.
=504  \\$aIncludes bibliographical references (p. 389-405) and index.
=600  \0$aSpitta, Philipp$d1841-1894$1http://www.wikidata.org/entity/Q61567$913873
=650  \0$aMusicologist$1http://www.wikidata.org/entity/Q14915627$92342
=942  \\$cBOO
=952  \\$00$10$2ddc$40$6BIO_SPIT_D$70$8BIO$910872$aORPH$bORPH$cKTS1_P$d2020-07-08$eKoopman$i23D46$l0$oBIO SPIT d$p20128621$r2021-01-12 00:00:00$w2021-01-12$yBOO$OKoopman
=999  \\$c10885$d10885
=490  \\$aBärenreiter Hochschulschriften
=651  \0$aGermany$1http://www.wikidata.org/entity/Q183$9155
=650  \0$aBiography$1http://www.wikidata.org/entity/Q36279$91927

