=LDR  00945aam a2200217   4500
=001  10888
=008  240408s1990\\\\||||||||\||||\00|\0adut\d
=020  \\$a9065503323
=041  \\$adut
=100  \\$aSchinne, Magdalena van$d1762-1840$1http://www.wikidata.org/entity/Q15878997$4aut$913876
=245  \\$aHet dagboek van Magdalena van Schinne
=260  \\$aHilversum$bVerloren$c1990
=490  \\$aEgodocumenten$v2
=648  \0$a18th Century (1701-1800)$1http://www.wikidata.org/entity/Q7015$920899
=648  \0$a19th Century (1801-1900)$1http://www.wikidata.org/entity/Q6955$920935
=650  \0$aDiary$1http://www.wikidata.org/entity/Q185598$921711
=651  \0$aNetherlands$1http://www.wikidata.org/entity/Q55$9173
=700  \\$aDik, Anje$4edt$912557
=942  \\$cBOO
=952  \\$00$10$2ddc$40$6BIO_SCHI3_A$70$8BIO$910875$aORPH$bORPH$cKTS1_P$d2020-07-08$eKoopman$i34B19$l0$oBIO SCHI3 a$p20122598$r2021-01-12 00:00:00$w2021-01-12$yBOO$OKoopman
=999  \\$d10888

