=LDR  01500    a2200253   4500
=001  10889
=008  250219s1913\\\\|||g||||\||||\001\0\ger\d
=041  \\$ager
=100  \\$aSchipke, Max$913877$4aut
=245  \\$aDer deutsche Schulgesang von Johann Adam Hiller bis zu den Falkschen Allgemeinen Bestimmungen (1775-1875).$bEin Beitrag zur Geschichte der Gesangspädagogik
=260  \\$c1913$aBerlin$bUnion Deutsche Verlagsgesellschaft
=300  \\$a328 pages
=648  \0$a18th Century (1701-1800)$1http://www.wikidata.org/entity/Q7015$920899
=648  \0$a19th Century (1801-1900)$1http://www.wikidata.org/entity/Q6955$920935
=650  \0$aMusic education$1http://www.wikidata.org/entity/Q27908$921766
=650  \0$aTeaching$1http://www.wikidata.org/entity/Q352842$923444
=650  \0$aSinging$1http://www.wikidata.org/entity/Q27939$92767
=650  \0$aVocal music$1http://www.wikidata.org/entity/Q685884$93319
=650  \0$aMusic history$1http://www.wikidata.org/entity/Q846047$921373
=651  \0$aGermany$1http://www.wikidata.org/entity/Q183$9155
=856  \\$uhttps://www.google.com/url?sa=t&source=web&rct=j&opi=89978449&url=https://archive.org/download/derdeutscheschul00schi/derdeutscheschul00schi.pdf&ved=2ahUKEwjQnd_m7M-LAxXDUaQEHVenG4UQFnoECBQQAQ&usg=AOvVaw3DqHGUGHw7P9rxnkzNaVso
=942  \\$cBOO
=952  \\$00$10$2ddc$40$6TOP_DE_6_000000000000000$70$8TOP$910876$aORPH$bORPH$cKTS0$d2020-07-08$eKoopman$i46C11$l0$oTOP DE 6$p20127652$r2021-01-12 00:00:00$w2021-01-12$yBOO$OKoopman
=999  \\$d10889

