=LDR  01597aaa a2200277   4500
=001  10890
=008  241203s2007\\\\||||||||\||||\00|\0dger\d
=245  \\$aWiener Geschichtsblätter$n62.Jahrgang 2007 Heft 1 LIT
=260  \\$c2007$aVienna$bVerein für Geschichte der Stadt Wien
=300  \\$a71-[10] pages
=505  \\$gJosef Schrammel im Orient -- Anton Dominik Fernkorns Wiener Erzherzog-Carl-Denkmal als nationale Bildformel -- Joseph Sonnleithners Sammlung in der Porträtgalerie der Gesellschaft der Musikfreunde in Wien
=600  \0$aSonnleithner, Joseph Ferdinand$d1766-1835$1http://www.wikidata.org/entity/Q86117$96948
=600  \0$aSchrammel, Josef$d1852-1895$1http://www.wikidata.org/entity/Q1705691$939267
=648  \0$a19th Century (1801-1900)$1http://www.wikidata.org/entity/Q6955$920935
=648  \0$a18th Century (1701-1800)$1http://www.wikidata.org/entity/Q7015$920899
=650  \0$aMusic history$1http://www.wikidata.org/entity/Q846047$921373
=650  \0$aMusician$1http://www.wikidata.org/entity/Q639669$93574
=650  \0$aBiography$1http://www.wikidata.org/entity/Q36279$91927
=650  \0$aPortrait$1http://www.wikidata.org/entity/Q134307$92622
=651  \0$aVienna (Austria)$1http://www.wikidata.org/entity/Q1741$920937
=700  \\$aSchirlbauer, Anna$4aut$913878
=700  \\$aWinterstein, Stefan$4aut$939265
=700  \\$aTelesko, Werner$4aut$939266
=942  \\$cBOO
=952  \\$00$10$2ddc$40$6TOP_AT_VIE_6_000000000000000$70$8TOP$910877$aORPH$bORPH$cKTS0$d2020-07-08$eKoopman$i41D35$l0$oTOP AT.VIE 6$p20130205$r2021-01-12 00:00:00$w2021-01-12$yBOO$OKoopman
=999  \\$d10890

