=LDR  00400    a2200121   4500
=001  10892
=020  \\$a9783838128368
=100  \\$aSchlader, E.$913880
=245  \\$aGeorg Pasterwiz (1730-1803)
=260  \\$c2011
=942  \\$cBOO
=952  \\$00$10$2ddc$40$6BIO_PAST_D$70$8BIO$910879$aORPH$bORPH$cKTS1_P$d2020-07-08$eKoopman$i42A15$l0$oBIO PAST d$p20122138$r2021-01-12 00:00:00$w2021-01-12$yBOO$OKoopman
=999  \\$c10892$d10892

