=LDR  01319cam a2200277 a 4500
=001  10893
=005  20250205110319.0
=008  831214t19781976gw\\\\\\\b\\\\000\0\ger\\
=020  \\$a3761805969 (set)
=040  \\$aOI
=041  0\$agermul
=100  \\$aSchlager, Karlheinz$d1938-$917558
=245  10$aWolfgang Amadeus Mozart, Verzeichnis von Erst- und Frühdrucken bis etwa 1800.
=260  \\$aKassel :$bBärenreiter,$c1978, c1976.
=300  \\$a2 v. ;$c24 cm.
=500  \\$aAt head of title: Association internationale des bibliothèques musicales.
=500  \\$a"Sonderdruck aus Répertoire International des Sources Musicales A/I, Einzeldruck vor 1800. Redaktion Karlheinz Schlager. Bd. 6: Montalbano-Pleyel."
=500  \\$aPref. in English, French, and German.
=500  \\$aVol. 2 has title: Verzeichnis der Bibliothekssiegel.
=600  \0$aMozart, Wolfgang Amadeus$d1756-1791$1http://www.wikidata.org/entity/Q254$95341
=700  \\$aSchlager, Karlheinz$d1938-$917558
=710  \\$aInternational Association of Music Libraries$91568
=740  0\$aVerzeichnis von Erst- und Frühdrucken bis etwa 1800.
=942  \\$cBOO
=952  \\$00$10$2ddc$40$6BIO_MOZA1_C$70$8BIO$910880$aORPH$bORPH$cKTS1_P$d2020-07-08$eKoopman$i23A07$l0$oBIO MOZA1 c$p20128479$r2021-01-12 00:00:00$w2021-01-12$yBOO$OKoopman
=999  \\$c10893$d10893

