=LDR  01469cam a2200265 i 4500
=001  10894
=008  220315s1974\\\\gw\b||||\||||\00|\0\ger\d
=041  \\$ager
=100  \\$aSchlepphorst, Winfried$d1937-2006$4aut$1http://www.wikidata.org/entity/Q2584296$913884
=245  14$aDer Orgelbau im westlichen Niedersachsen bis zum Ende des 19. Jahrhundert
=250  \\$aBand I. Orgeln und Orgelbauer im ehemaligen Niederstift Münster sowie in den Grafschaften Lingen und Bentheim
=260  \\$aKassel $bBärenreiter$c1975
=300  \\$a338 pages-38 plates$bill., map $c27 cm
=490  \\$aVeröffentlichungen der Orgelwissenschaftlichen Forschungsstelle im Musikwissenschaftlichen Seminar der Westfälischen Wilhelms-Universität Münster$vNr. 7
=500  \\$aErrata slip inserted.
=500  \\$aOriginally presented as the author's thesis, Münster.
=500  \\$aVol. 1 includes indexes.
=504  \\$aBibliography: v. 1, p. 331-337.
=505  1\$aBd. 1. Orgeln und Orgelbauer im ehemaligen Niederstift Münster sowie in den Grafschaften Lingen und Bentheim.
=650  \0$aOrgan$1http://www.wikidata.org/entity/Q1444$92810
=650  \0$aOrganology$1http://www.wikidata.org/entity/Q899293$921400
=651  \0$aGermany$1http://www.wikidata.org/entity/Q183$9155
=942  \\$cBOO
=952  \\$00$10$2ddc$40$6INS_3_000000000000000_1B_DE_SAX$70$8INS$910881$aORPH$bORPH$cKTS0$d2020-07-08$eKoopman$i25B18$oINS3.1b DE.SAX$p20129206$r2021-01-12 00:00:00$w2021-01-12$yBOO
=999  \\$d10894

