=LDR  01036nam a2200241 a 4500
=001  10896
=005  20250926134856.0
=008  931202s1993\\\\gw\a\\\\\b\\\\001\0\ger\\
=020  \\$a342304585X (dtv)
=020  \\$a3761810504 (Bärenreiter)
=040  \\$aOI
=100  \\$aSchleuning, Peter$917581
=245  10$aJohann Sebastian Bachs "Kunst der Fuge" :$bIdeologien, Entstehung, Analyse /$cPeter Schleuning.
=250  \\$aGemeinschaftliche Originalausg.
=260  \\$aMünchen :$bDeutscher Taschenbuch Verlag ;$aKassel :$bBärenreiter,$c1993.
=300  \\$ax, 271 p. :$bill. ;$c19 cm.
=500  \\$aSpine title: Bachs "Kunst der Fuge."
=504  \\$aIncludes bibliographical references (p. 256-269) and indexes.
=600  \0$aBach, Johann Sebastian$d1685-1750$1http://www.wikidata.org/entity/Q1339$94766
=740  0\$aBachs "Kunst der Fuge."
=942  \\$cBOO
=952  \\$00$10$2ddc$40$6BIO_BACH1_E$70$8BIO$910883$aORPH$bORPH$cKTS1_P$d2020-07-08$eKoopman$i28D25$oBIO BACH1 e$p20123584$r2021-01-12 00:00:00$w2021-01-12$yBOO
=999  \\$c10896$d10896

