=LDR  02639cam a2200325 i 4500
=001  10897
=005  20250926134856.0
=008  140715s2014\\\\gw\g\\\\\b\\\\000\0\ger\d
=010  \\$a  2014436198
=020  \\$a9783487151113 (hd.bd.)
=020  \\$a3487151111 (hd.bd.)
=040  \\$aOI
=041  \\$ager
=100  \\$aSchleuning, Peter$4aut$917581
=245  10$aVom Kaffeehaus zum Fürstenhof:$bJohann Sebastian Bachs Weltliche Kantaten
=260  \\$aHildesheim$bOlms$c2014
=300  \\$a183 pages$bmusic$c23 cm
=490  1\$aStudien und Materialien zur Musikwissenschaft$v79
=504  \\$aIncludes bibliographical references and index.
=505  00$gWeimar : was mir behagt, ist nur die muntre Jagd : die Jagdkantate (BWV 208/BC G 1) -- Feudale Festkultur -- Personen und Texte -- Musikalische Stilistik -- Die Kantaten-Sinfonia -- Kothen : Durchlauchtster Leopold (BWV 173a/BC G 9) -- Leipzig : wie hat Bach sein Geld verdient? -- Kantaten für Gelehrte und Honoratioren -- Zerreisset, zersprenget, zertrümmert die Gruft : der zufriedengestellte Aeolus (BWV 205/BC G 36) -- Vereinigte Zwietracht der wechselnden Saiten (BWV207/BCG37) -- Non sa che sia dolore (BWV 209/BC G 50) -- Flemming, das Parodieverfahren und Picander -- Huldigungen für den Kurfürsten und König -- Polen in der ersten Hälfte des 18. Jahrhunderts -- Die Huldigungskantaten -- Preise dein Glücke, gesegnetes Sachsen (BWV 215/BC G 21) -- Blast Lärmen, ihr Feinde! : Verstärket die Macht! (BWV 205a/BC G 20) -- Kantaten für das Collegium musicum -- Geschwinde, ihr wirbelnden Winde : der Streit zwischen Phoebus und Pan (BWV 201/BC G 46) -- Schweigt stille, plaudert nicht! : die Kaffeekantate (BWV211/BC G 48) -- Die "Rittergutskantaten" -- Angenehmes Wiederau (BWV 30a/BC G 31) -- Mer hahn en neue Oberkeet : die Bauernkantate (BWV 212/ G 32) -- Nachwort -- Literaturverzeichnis -- Werkregister -- Personenregister.
=600  \0$aBach, Johann Sebastian$d1685-1750$1http://www.wikidata.org/entity/Q1339$94766
=650  \0$aCantata$1http://www.wikidata.org/entity/Q174873$921603
=650  \0$aProfane$1http://www.wikidata.org/entity/Q3922543$923048
=650  \0$aMusic history$1http://www.wikidata.org/entity/Q846047$921373
=651  \0$1http://www.wikidata.org/entity/Q3955$aWeimar (Germany)$921645
=651  \0$1http://www.wikidata.org/entity/Q1796771$aKöthen (Germany)$923000
=651  \0$1http://www.wikidata.org/entity/Q2079$aLeipzig (Germany)$945
=942  \\$cBOO
=952  \\$00$10$40$6BIO_BACH1_E$70$8BIO$910884$aORPH$bORPH$cKTS1_P$d2020-07-08$eKoopman$i46C07$oBIO BACH1 e$p20127657$r2021-01-12 00:00:00$w2021-01-12$yBOO$OKoopman
=999  \\$d10897

