=LDR  01362cam a22002895i 4500
=001  10898
=005  20251003085458.0
=008  180922s1985\\\\\\\ag\\\|c\\\\001\0\ger\\
=020  \\$z3795204496
=040  \\$aOI
=041  \\$ager
=100  \\$aSchlichte, Joachim$4aut$927086
=245  04$aThematischer Katalog der kirchlichen Musikhandschriften in der Liebfrauenkirche zu Schotten.$cMit einer Geschichte der Kirchenmusik und ihren Notenbeständen
=260  \\$aTutzing$bSchneider$c1985
=300  \\$a375 pages
=490  \\$aFrankfurter Beiträge zur Musikwissenschaft$v19
=610  \0$aLiebfrauenkirche (Schotten, Germany)$1http://www.wikidata.org/entity/Q1625115$927088
=650  \0$aChurch$1http://www.wikidata.org/entity/Q16970$93776
=650  \0$aLibrary$1http://www.wikidata.org/entity/Q7075$94229
=650  \0$aCatalogue$1http://www.wikidata.org/entity/Q2352616$921484
=650  \0$aManuscript$1http://www.wikidata.org/entity/Q87167$92275
=650  \0$aChurch music$1http://www.wikidata.org/entity/Q8812109$92283
=651  \0$aSchotten (Germany)$1http://www.wikidata.org/entity/Q26368$927089
=700  \\$aAlbrecht, P.$927087$4ctb
=942  \\$cBOO
=952  \\$00$10$2ddc$40$6BIB_4_000000000000000_DE_SCH1$70$8BIB$910885$aORPH$bORPH$cKTS0$d2020-07-08$eKoopman$i37B02$l0$oBIB4 DE.SCH1$p20120612$r2021-01-12 00:00:00$w2021-01-12$yBOO$OKoopman
=999  \\$d10898

