=LDR  00371    a2200109   4500
=001  10906
=100  \\$aSchmid, I.$913892
=245  \\$aRupert Ignaz Mayr (1646 - 1712)
=260  \\$c1989
=942  \\$cBOO
=952  \\$00$10$2ddc$40$6BIO_MAYR_D$70$8BIO$910893$aORPH$bORPH$cKTS1_P$d2020-07-08$eKoopman$i30C06.a$oBIO MAYR d$p20121240$r2021-01-12 00:00:00$w2021-01-12$yDIS$OKoopman
=999  \\$c10906$d10906

