=LDR  01720aam a2200301   4500
=001  10907
=005  20251003085458.0
=008  230703s1970\\\\||||||||\c|||\00|\0\ger\d
=041  \\$ager
=100  \\$aSchmid, Manfred Hermann$d1947-$1http://www.wikidata.org/entity/Q1889480$4aut$913893
=245  \\$aDie Musikaliensammlung der Erzabtei St. Peter in Salzburg.$bKatalog$nErster Teil$pLeopold und Wolfgang Amadeus Mozart, Joseph und Michael Haydn
=260  \\$aKassel$bBärenreiter$c1970
=490  \\$aSchriftenreihe der Internationalen Stiftung Mozarteum$v3/4
=590  \\$aMit einer Einführung in die Geschichte der Sammlung
=600  \0$1http://www.wikidata.org/entity/Q156280$aMozart, Leopold$d1719-1787$912887
=600  \0$1http://www.wikidata.org/entity/Q254$aMozart, Wolfgang Amadeus$d1756-1791$95341
=600  \0$1http://www.wikidata.org/entity/Q7349$aHaydn, Joseph$d1732-1809$94783
=600  \0$1http://www.wikidata.org/entity/Q490381$aHaydn, Michael$d1737-1806$910333
=610  \0$aInternationale Stiftung Mozarteum Salzburg (Austria)$91479
=648  \0$1http://www.wikidata.org/entity/Q7015$a18th Century (1701-1800)$920899
=650  \0$1http://www.wikidata.org/entity/Q8812109$aChurch music$92283
=650  \0$1http://www.wikidata.org/entity/Q1841$aCatholicism$921631
=650  \0$1http://www.wikidata.org/entity/Q7075$aLibrary$94229
=650  \0$1http://www.wikidata.org/entity/Q2352616$aCatalogue$921484
=651  \0$1http://www.wikidata.org/entity/Q34713$aSalzburg (Austria)$921433
=942  \\$cBOO
=952  \\$00$10$2ddc$40$6BIB_4_000000000000000_AT_SAL$70$8BIB$910894$aORPH$bORPH$cKTS0$d2020-07-08$eKoopman$i28E01$l0$oBIB4 AT.SAL$p20121383$r2021-01-12 00:00:00$w2021-01-12$yBOO$OKoopman
=999  \\$d10907

