=LDR  01538aam a2200253   4500
=001  10908
=008  250122s1901\\\\||||||||\||||\00|\0dger\d
=041  \\$ager
=100  \\$aSchmid, Otto$d1858-1931$913894
=245  \\$aDie böhmische Altmeisterschule Czernohorsky und ihr Einfluss auf den Wiener Classicismus. Mit besonderer Berücksichtigung Franz Tumas.$bEine Kunst- und Kulturgeschichtliche Studie
=260  \\$c1901$aLeipzig$bHermann Seemann Nachfolger
=300  \\$axv-115-[3] pages
=490  \\$aMusik und Weltanschauung$vI-V
=500  \\$aČernohorský was an important representative of the late baroque style. He composed fugues and toccatas for organ, as well as vocal works. He deeply influenced the musical evolution in Czechia as a composer, as well as a teacher.
=600  \0$aTůma, František $939556
=600  \0$aČernohorský, Bohuslav Matěj $d1684-1742$1http://www.wikidata.org/entity/Q890972$939557
=648  \0$a17th Century (1601-1700)$1http://www.wikidata.org/entity/Q7016$920923
=648  \0$a18th Century (1701-1800)$1http://www.wikidata.org/entity/Q7015$920899
=650  \0$aMusic history$1http://www.wikidata.org/entity/Q846047$921373
=650  \0$aCultural history$1http://www.wikidata.org/entity/Q858517$922395
=651  \0$aBohemia (Czech Republic)$1http://www.wikidata.org/entity/Q39193$921054
=942  \\$cBOO
=952  \\$00$10$2ddc$40$6TOP_CZ_5_000000000000000$70$8TOP$910895$aORPH$bORPH$cKTS0$d2020-07-08$eKoopman$i25A20$l0$oTOP CZ 5$p20129150$r2021-01-12 00:00:00$w2021-01-12$yBOO$OKoopman
=999  \\$d10908

