=LDR  01729aam a2200301   4500
=001  10909
=005  20250925143259.0
=008  230822s1989\\\\|||c||||\b|||\00|\0dger\d
=041  \\$ager
=100  \\$aSchmidmüller, Martina$913895$4aut
=245  \\$aDie Reihe der Augsburger Domkapellmeister seit dem Tridentinum bis heute:$bKurzbiographien und sozialgeschichtliche Einordnung
=260  \\$c1989
=300  \\$a292 pages
=500  \\$aThis book enlists the Augsburg Cathedral's Kapellmeisters from the Council of Trent (1545 and 1563) to the present day (of the moment it was published). Includes short biographies and a socio-historical classification
=648  \0$a16th Century (1501-1600)$1http://www.wikidata.org/entity/Q7017$920944
=648  \0$a17th Century (1601-1700)$1http://www.wikidata.org/entity/Q7016$920923
=648  \0$a18th Century (1701-1800)$1http://www.wikidata.org/entity/Q7015$920899
=648  \0$a19th Century (1801-1900)$1http://www.wikidata.org/entity/Q6955$920935
=648  \0$a20th Century (1901-2000)$1http://www.wikidata.org/entity/Q6927$920936
=650  \0$1http://www.wikidata.org/entity/Q846047$aMusic history$921373
=650  \0$1http://www.wikidata.org/entity/Q9174$aReligion$93062
=650  \0$aCappella$1http://www.wikidata.org/entity/Q19902156$922910
=650  \0$aMusician$1http://www.wikidata.org/entity/Q639669$93574
=650  \0$aBiography$1http://www.wikidata.org/entity/Q36279$91927
=651  \0$1http://www.wikidata.org/entity/Q2749$aAugsburg (Germany)$921699
=942  \\$cDIS
=952  \\$00$10$2ddc$40$6TOP_DE_AUG_4_000000000000000$70$8TOP$910896$aORPH$bORPH$cKTS0$d2020-07-08$eKoopman$i44C15$l0$oTOP DE.AUG 4$p20126656$r2021-01-12 00:00:00$w2021-01-12$yDIS$OKoopman
=999  \\$d10909

