=LDR  00375    a2200109   4500
=001  10912
=100  \\$aSchmidt, A. W.$913898
=245  \\$aDie Calliopea Legale des Johannes
=260  \\$c1897
=942  \\$cBOO
=952  \\$00$10$2ddc$40$6BIO_HOTH_E$70$8BIO$910899$aORPH$bORPH$cKTS1_P$d2020-07-08$eKoopman$i44E01$oBIO HOTH e$p20126596$r2021-01-12 00:00:00$w2021-01-12$yDIS$OKoopman
=999  \\$c10912$d10912

