=LDR  01474aam a2200265   4500
=001  10913
=008  250227s1956\\\\|||g||||\||||\00|\0dger\d
=041  \\$ager
=100  \\$aSchmidt, Günther$939796$4aut
=245  \\$aDie Musik am Hofe der Markgrafen von Brandenburg-Ansbach, vom ausgehenden Mittelalter bis 1806$bmit Beiträgen zur deutschen Choralpassion, frühdeutschen Oper und vorklassischen Kammermusik
=260  \\$c1956$aKassel$bBärenreiter
=300  \\$avi-174 pages$binserted leaflet musical notation
=648  \0$a15th Century (1401-1500)$1http://www.wikidata.org/entity/Q7018$921015
=648  \0$a16th Century (1501-1600)$1http://www.wikidata.org/entity/Q7017$920944
=648  \0$a17th Century (1601-1700)$1http://www.wikidata.org/entity/Q7016$920923
=648  \0$a18th Century (1701-1800)$1http://www.wikidata.org/entity/Q7015$920899
=650  \0$aCourt$1http://www.wikidata.org/entity/Q1134237$922191
=650  \0$aCappella$1http://www.wikidata.org/entity/Q19902156$922910
=650  \0$aOpera$1http://www.wikidata.org/entity/Q1344 $92468
=650  \0$aPassion$1http://www.wikidata.org/entity/Q781815$92006
=650  \0$aMusic history$1http://www.wikidata.org/entity/Q846047$921373
=651  \0$aAnsbach (Germany)$1http://www.wikidata.org/entity/Q14859$923195
=942  \\$cBOO
=952  \\$00$10$2ddc$40$6TOP_DE_ANS$70$8TOP$910900$aORPH$bORPH$cKTS0$d2020-07-08$eKoopman$i20B9$l0$oTOP DE.ANS$p20128001$r2021-01-12 00:00:00$w2021-01-12$yBOO$OKoopman
=999  \\$d10913

