=LDR  00695    a2200169   4500
=001  10916
=008  230310s1904\\\\gw\f||||\||||\00|\0\ger\d
=041  \\$ager
=100  \\$aSchmidt, Heinrich$913901$4aut
=245  \\$aDie Orgel unserer Zeit in Wort und Bild. Ein Hand- und Lehrbuch der Orgelbaukunde
=260  \\$c1904$aBerlin$bOldenbourg
=300  \\$a139 pages
=650  \0$aOrgan$1http://www.wikidata.org/entity/Q1444$92810
=650  \0$aOrganology$1http://www.wikidata.org/entity/Q899293$921400
=942  \\$cBOO
=952  \\$00$10$2ddc$40$6INS_3_000000000000000_1B$70$8INS$910903$aORPH$bORPH$cKTS0$d2020-07-08$eKoopman$i25C16$l0$oINS3.1b$p20129240$r2021-01-12 00:00:00$w2021-01-12$yBOO$OKoopman
=999  \\$d10916

