=LDR  00925    a2200217   4500
=001  10918
=008  220413s2004\\\\gw\a||||\||||\00|\0\ger\d
=041  \\$ager
=100  \\$4aut$aVarious$94793
=245  \\$aDie Orgel in der Kilianikirche Höxter.$bwiedereinweihung am 13. Juni 2004
=260  \\$c2004$aHöxter
=300  \\$a60 pages
=336  \\$aprinted
=610  \0$aKilianskirche (Höxter, Germany)$1http://www.wikidata.org/entity/Q1717316$923925
=650  \0$aOrgan$1http://www.wikidata.org/entity/Q1444$92810
=650  \0$aOrganology$1http://www.wikidata.org/entity/Q899293$921400
=651  \0$aHöxter (Germany)$1http://www.wikidata.org/entity/Q16107$923924
=700  \\$4ctb$aSchreiner, Reinhard$d1950-$923923
=942  \\$cBOO
=952  \\$00$10$2ddc$40$6INS_3_000000000000000_1A_DE_HIOX$70$8INS$910905$aORPH$bORPH$cKTS0$d2020-07-08$eKoopman$i29D59$oINS3.1a DE.HIOX$p20121311$r2021-01-12 00:00:00$w2021-01-12$yBOO
=999  \\$d10918

