=LDR  01077aam a2200229   4500
=001  10919
=008  250210s1981\\\\||||||||\m|||\00|\0\ger\d
=041  \\$ager
=100  \\$aSchmitt, Theodor$d1950-$913904$4aut
=245  \\$aKompositionen des Ordinarium Missae im süddeutschen konzertierenden Stil des 17. Jahrhunderts
=260  \\$aSaarbrücken$bUniversität des Saarlandes$c1981
=300  \\$a194 pages
=500  \\$aDissertation
=648  \0$a17th Century (1601-1700)$1http://www.wikidata.org/entity/Q7016$920923
=650  \0$aMass$1http://www.wikidata.org/entity/Q217295$92735
=650  \0$aCatholicism$1http://www.wikidata.org/entity/Q1841$921631
=650  \0$aMusic history$1http://www.wikidata.org/entity/Q846047$921373
=650  \0$aStile concertato$1http://www.wikidata.org/entity/Q3686058$939656
=651  \0$aGermany$1http://www.wikidata.org/entity/Q183$9155
=942  \\$cDIS
=952  \\$00$10$2ddc$40$6TOP_DE_5_000000000000000$70$8TOP$910906$aORPH$bORPH$cKTS0$d2020-07-08$eKoopman$i25D13$l0$oTOP DE 5$p20129273$r2021-01-12 00:00:00$w2021-01-12$yDIS$OKoopman
=999  \\$d10919

