=LDR  01247cam a22002891  4500
=001  10922
=005  20250121142127.0
=008  870318s1967\\\\gw\ag\\\\bc\\\000\0dger\\
=040  \\$aOI
=041  \\$ager
=100  \\$aSchmitz, Eberhard$d1922-$4aut$920869
=245  14$aDie Messen Johann David Heinichens
=260  \\$aHamburg$bUniversität Hamburg$c1967
=300  \\$avii, 321 p. :$btabs., music.$c22 cm.
=500  \\$aVita.
=502  \\$aInaug.-Diss.--Hamburg.
=504  \\$a"Thematisches Verzeichnis der Messen": p. 218-321.
=504  \\$aBibliography: p. 206-210.
=534  \\$aEx libris Dadelsen (referent)
=590  \\$aDissertation zur Erlanging der Doktorwürde der Philosophischen Fakultät der Universität Hamburg
=600  \0$aHeinichen, Johann David$d1683-1729$1http://www.wikidata.org/entity/Q506627$95215
=648  \0$a18th Century (1701-1800)$1http://www.wikidata.org/entity/Q7015$920899
=650  \0$aMass$1http://www.wikidata.org/entity/Q217295$92735
=651  \0$aDresden (Germany)$1http://www.wikidata.org/entity/Q1731$947
=942  \\$cBOO
=952  \\$00$10$2ddc$40$6BIO_HEIN_E$70$8BIO$910909$aORPH$bORPH$cKTS1_P$d2020-07-08$eKoopman$i31D18$l0$oBIO HEIN e$p20121068$r2021-01-12 00:00:00$w2021-01-12$yBOO
=999  \\$c10922$d10922

