=LDR  00953aam a2200205   4500
=001  10923
=008  210324s1940\\\\\\\|||||\||||\00|\0bger\d
=041  \\$ager
=100  \\$aDittersdorf, Karl Ditters von$d1739-1799$4aut$1http://www.wikidata.org/entity/Q78522$97659
=245  \\$aKarl Ditters von Dittersdorf.$bLebensbeschreibung seinem Sohne in die Feder diktiert
=260  \\$aRegensburg$bBosse$c1940
=490  \\$aDeutsche Musikbücherei$v22
=648  \0$a18th Century (1701-1800)$1http://www.wikidata.org/entity/Q7015$920899
=650  \0$aBiography$1http://www.wikidata.org/entity/Q36279$91927
=650  \0$aComposer$1http://www.wikidata.org/entity/Q36834$93625
=651  \0$aAustria$1http://www.wikidata.org/entity/Q40$9202
=700  \\$4edt$aSchmitz, Eugen$913906
=942  \\$cBOO
=952  \\$00$10$2ddc$40$6BIO_DITT_A$70$8BIO$910910$aORPH$bORPH$cKTS1_P$d2020-07-08$eKoopman$i38E02$l0$oBIO DITT a$p20120400$r2021-01-12 00:00:00$w2021-01-12$yBOO
=999  \\$d10923

