=LDR  01037aam a2200205   4500
=001  10925
=008  250303s1965\\\\||||||||\||||\00|\0\ger\d
=041  \\$ager
=100  \\$aSchmitz, Hans-Peter$d1916-1995$4aut$913908
=245  \\$aDie Kunst der Verzierung im 18. Jahrhundert.$bInstrumentale und Vokale Musizierpraxis in Beispielen
=260  \\$aKassel$aBasel$aParis$aLondon$aNew York, NY$bBärenreiter$c1965
=300  \\$a146 pages
=648  \0$a18th Century (1701-1800)$1http://www.wikidata.org/entity/Q7015$920899
=650  \0$aHistorically informed performance$1http://www.wikidata.org/entity/Q1344860$920980
=650  \0$aInstrumental music$1http://www.wikidata.org/entity/Q639197$92106
=650  \0$aVocal music$1http://www.wikidata.org/entity/Q685884$93319
=650  \0$aOrnamentation$1http://www.wikidata.org/entity/Q739589$922524
=942  \\$cBOO
=952  \\$00$10$2ddc$40$6MTP_2_000000000000000_SCHM$70$8MTP$910912$aORPH$bORPH$cKM12_1$d2020-07-08$eKoopman$i19A07$l0$oMTP2 SCHM$p20125170$r2021-01-12 00:00:00$w2021-01-12$yBOO
=999  \\$d10925

