=LDR  00787cam a2200205 a 4500
=001  10926
=005  20250303165318.0
=008  930610s1992\\\\gw\a\\\\\b\\\\010\0\ger\\
=020  \\$a3761810261
=040  \\$aOI
=100  \\$4dte$aSchmitz, Hans-Peter$d1916-1995$913908
=245  00$aFestschrift Hans-Peter Schmitz zum 75. Geburtstag
=260  \\$aKassel$aNew York$bBärenreiter$c1992
=300  \\$a232 pages$bill. $c24 cm
=504  \\$aIncludes bibliographical references.
=650  \0$aMusic history$1http://www.wikidata.org/entity/Q846047$921373
=700  \\$aEichhorn, Andreas$4edt$913909
=942  \\$cBOO
=952  \\$00$10$2ddc$40$6REF_4_000000000000000_SCHM$70$8REF$910913$aORPH$bORPH$cKM12_1$d2020-07-08$eKoopman$i23D42$oREF4 SCHM$p20128625$r2021-01-12 00:00:00$w2021-01-12$yBOO
=999  \\$d10926

