=LDR  01024aam a2200253   4500
=001  10927
=005  20250926134856.0
=008  210712e1963\\\\\\\||nn|\||||\00|\0\ger\d
=040  \\$aOI
=041  \\$ager
=100  \\$aBach, Johann Sebastian$d1685-1750$4cmp$1http://www.wikidata.org/entity/Q1339$94766
=245  \\$aKritischer Bericht: Werke für Flöte
=260  \\$c1963$aGermany$bBärenreiter
=300  \\$a62 pages$bmusic
=336  \\$aprinted
=490  \\$aNeue Ausgabe Sämtlicher Werke$vSerie VI: 3
=648  \0$a18th Century (1701-1800)$1http://www.wikidata.org/entity/Q7015$920899
=650  \0$aFlute$1http://www.wikidata.org/entity/Q11405$921276
=650  \0$aLute$1http://www.wikidata.org/entity/Q180733$93944
=651  \0$aGermany$1http://www.wikidata.org/entity/Q183$9155
=700  \\$4edt$aSchmitz, Hans-Peter$d1916-1995$913908
=942  \\$cSCO
=952  \\$00$10$2ddc$40$6SCO_BACH1$70$8MTP$910914$aORPH$bORPH$cKTS1_P$d2020-07-08$eKoopman$i29A01$l0$oSCO BACH1$p20123488$r2021-01-12 00:00:00$yTYPE_UNK
=999  \\$d10927

