=LDR  01252aam a2200241   4500
=001  10928
=008  250303s1953\\\\||||||||\||||\00|\0dger\d
=041  \\$ager
=100  \\$aSchmitz, H. P.$913907$4aut
=245  \\$aDie Tontechnik des Père Engramelle.$bEin Beitrag zur Lehre von der musikalischen Vortragskunst im 18. Jahrhundert
=260  \\$aKassel$aBasel$bBärenreiter$c1953
=490  \\$aMusikwissenschaftliche Arbeiten$v8
=600  \0$aEngramelle, Marie-Dominique-Joseph$d1727-1805$1http://www.wikidata.org/entity/Q3291745$95742
=610  \0$aAugustinians$1http://www.wikidata.org/entity/Q214528$924760
=648  \0$a18th Century (1701-1800)$1http://www.wikidata.org/entity/Q7015$920899
=650  \0$aMusic theorist$1http://www.wikidata.org/entity/Q16031530$92202
=650  \0$aPerformance$1http://www.wikidata.org/entity/Q6942562$926223
=650  \0$aBiography$1http://www.wikidata.org/entity/Q36279$91927
=650  \0$aMetronome$1http://www.wikidata.org/entity/Q156424$922225
=651  \0$aParis (France)$1http://www.wikidata.org/entity/Q90$9160
=942  \\$cBOO
=952  \\$00$10$2ddc$40$6BIO_ENGR_E$70$8BIO$910915$aORPH$bORPH$cKTS1_P$d2020-07-08$eKoopman$i32D29$l0$oBIO ENGR e$p20123116$r2021-01-12 00:00:00$w2021-01-12$yBOO$OKoopman
=999  \\$d10928

