=LDR  01086cam a2200253 i 4500
=001  10929
=005  20251019213516.0
=008  781027r19771935gw\ag\\\\b\\\\001\0\ger\\
=015  \\$aGFR77-A41
=020  \\$a3487064022 :$cDM68.00
=040  \\$aOI
=100  \\$aSchneider, Constantin$d1889-1945$913910
=245  10$aGeschichte der Musik in Salzburg$b von der ältesten Zeit bis zur Gegenwart
=250  \\$aNachdr. d. Ausg. Salzburg 1935.
=260  \\$aHildesheim$aNew York$bOlm$c1977
=300  \\$a382 pages$b50 ill., music ;$c20 cm.
=500  \\$aReprint of the ed. published by R. Kiesel.
=504  \\$aIncludes bibliographical references and index.
=650  \0$aMusic history$1http://www.wikidata.org/entity/Q846047$921373
=651  \0$aAustria$1http://www.wikidata.org/entity/Q40$9202
=651  \0$aSalzburg (Austria)$1http://www.wikidata.org/entity/Q34713$921433
=942  \\$cBOO
=952  \\$00$10$2ddc$40$6TOP_AT_SAL_0_000000000000000$70$8TOP$910916$aORPH$bORPH$cKTS0$d2020-07-08$eKoopman$i20D06$l0$oTOP AT.SAL 0$p20125334$r2021-01-12 00:00:00$w2021-01-12$yBOO$OKoopman
=999  \\$d10929

