=LDR  01343cam a2200301 a 4500
=001  10930
=005  20250121142127.0
=008  830120s1982\\\\gw\ag\\\\b\\\\001\0dger\\
=020  \\$a379520335X
=040  \\$aOI
=041  \\$ager
=100  \\$aSchneider, Herbert$d1941-$911212$4aut
=245  14$aDie Rezeption der Opern Lullys im Frankreich des Ancien Regime
=260  \\$aTutzing$bSchneider$c1982.
=300  \\$avii-394 pages$billustration, music$c24 cm
=490  \\$aMainzer Studien zur Musikwissenschaft$v16
=500  \\$aIncludes indexes.
=502  \\$aThe author's Habilitationsschrift--Johannes Gutenberg-Universität in Mainz, 1978.
=504  \\$aBibliography: p. 319-329.
=600  \0$aLully, Jean-Baptiste$d1632-1687$1http://www.wikidata.org/entity/Q1192$95867
=648  \0$a17th Century (1601-1700)$1http://www.wikidata.org/entity/Q7016$920923
=648  \0$a18th Century (1701-1800)$1http://www.wikidata.org/entity/Q7015$920899
=650  \0$aOpera$1http://www.wikidata.org/entity/Q1344 $92468
=650  \0$aReception$1http://www.wikidata.org/entity/Q1791660$925021
=651  \0$aFrance$1http://www.wikidata.org/entity/Q142$9131
=942  \\$cBOO
=952  \\$00$10$2ddc$40$6BIO_LULL_E$70$8BIO$910917$aORPH$bORPH$cKTS1_P$d2020-07-08$eKoopman$i32F21$oBIO LULL e$p20123080$r2021-01-12 00:00:00$w2021-01-12$yBOO$OKoopman
=999  \\$d10930

