=LDR  01636cam a2200313 a 4500
=001  10932
=005  20251003085458.0
=008  851015s1985\\\\gw\ah\\\\c\\\\001\0\ger\\
=020  \\$a379520500X
=040  \\$aOI
=041  \\$ager
=100  \\$aSchneider, Hans$d1921-2017$1http://www.wikidata.org/entity/Q1582360$4aut$913912
=245  14$aDer Musikverleger Heinrich Philipp Bossler, 1744-1812:$cmit bibliographischen Übersichten und einem Anhang: Mariane Kirchgessner und Bossler
=260  \\$aTutzing$bSchneider$c1985
=300  \\$a388 pages$billustrations, facsimiles$c28 cm
=500  \\$aIncludes index.
=504  \\$aBibliography: p. 371-382.
=561  \\$awith autograph dedication by the author to musicologist Walter Wiora, on title page
=600  \0$aBossler, Heinrich Philipp$d1744-1812$1http://www.wikidata.org/entity/Q20792924$913913
=600  \0$aKirchgessner, Mariane$d1769-1808$1http://www.wikidata.org/entity/Q538335$913914
=648  \0$a18th Century (1701-1800)$1http://www.wikidata.org/entity/Q7015$920899
=648  \0$a19th Century (1801-1900)$1http://www.wikidata.org/entity/Q6955$920935
=650  \0$aMusic printing$1http://www.wikidata.org/entity/Q64416036$94007
=650  \0$aCatalogue$1http://www.wikidata.org/entity/Q2352616$921484
=650  \0$aMusic publishing company$1http://www.wikidata.org/entity/Q1917775$927716
=651  \0$aGermany$1http://www.wikidata.org/entity/Q183$9155
=942  \\$cBOO
=952  \\$00$10$2ddc$40$6BIB_4_000000000000000_DE_BOSS$70$8BIB$910919$aORPH$bORPH$cKTS0$d2020-07-08$eKoopman$i45F04$l0$oBIB4 DE BOSS$p20127522$r2021-01-12 00:00:00$w2021-01-12$yBOO$OKoopman
=999  \\$d10932

