=LDR  00902aam a2200217   4500
=001  10936
=005  20251020162737.0
=008  211115s1989\\\\\\\a||||\||||\00|\0\ger\d
=020  \\$a3822803987
=041  \\$ager
=100  \\$aSchneider, Norbert$4aut$913917
=245  \\$aStilleben:$bRealität und Symbolik der Dinge. Die Stillebenmalerei der frühen Neuzeit
=260  \\$aCologne$bTaschen$c1989
=300  \\$a215 pages
=648  \0$a16th Century (1501-1600)$1http://www.wikidata.org/entity/Q7017$920944
=648  \0$a17th Century (1601-1700)$1http://www.wikidata.org/entity/Q7016$920923
=650  \0$aFine art$1http://www.wikidata.org/entity/Q219625$921579
=650  \0$aSymbol$1http://www.wikidata.org/entity/Q80071$93606
=942  \\$cBOO
=952  \\$00$10$2ddc$40$6VIS_SCHN$70$8VIS$910923$aORPH$bORPH$cKTS1_H$d2020-07-08$eKoopman$i18A01$oVIS SCHN$p20127050$r2021-01-12 00:00:00$w2021-01-12$yBOO
=999  \\$d10936

