=LDR  01176aam a2200253   4500
=001  10937
=005  20251020163139.0
=008  251020s1999\\\\|||a||||\||||\00|\0\ita\d
=020  \\$a9783822864265
=041  \\$aita$hger
=100  \\$aSchneider, Norbert$913917$4aut
=245  \\$aNature Morte:$bRealtà e simbolisme delle cose. La natura morta agli inizi dell'epoca moderna
=260  \\$aCologne$bTaschen$c1999
=300  \\$a215 pages$billustrations (color)
=648  \0$a16th Century (1501-1600)$1http://www.wikidata.org/entity/Q7017$920944
=648  \0$a17th Century (1601-1700)$1http://www.wikidata.org/entity/Q7016$920923
=650  \0$aFine art$1http://www.wikidata.org/entity/Q219625$921579
=650  \0$aSymbol$1http://www.wikidata.org/entity/Q80071$93606
=650  \0$aIconography$1http://www.wikidata.org/entity/Q208145$921259
=700  \\$aLoi, Lucia Serena$4trl$941621
=765  \\$aStilleben: Realität und Symbolik der Dinge. Die Stillebenmalerei der frühen Neuzeit 
=942  \\$cBOO
=952  \\$00$10$2ddc$40$6VIS_SCHN$70$8VIS$910924$aORPH$bORPH$cKTS1_H$d2020-07-08$eKoopman$i31B03$l0$oVIS SCHN$p20121130$r2021-01-12 00:00:00$w2021-01-12$yBOO$OKoopman
=999  \\$d10937

