=LDR  01200aam a2200229   4500
=001  10938
=008  230705s2012\\\\||||||||\c|||\00|\0\ger\d
=041  \\$ager
=100  \\$aSchneider, Norbert$4aut$913917
=245  \\$aDie Musikhandschriftensammlung Schneider-Genewein in Zürich
=260  \\$aBern$bSchweizerischen Bibliophilen-Gesellschaft$c2012
=300  \\$a16 pges$bill.
=490  \\$aLibrarium, Zeitschrift der Schweizerischen Bibliophilen-Gesellschaft
=500  \\$aAbout a collection that is meant to reconstruct (or replace?) the music archives of the Hessische Landesbibliothek in Darmstadt, that was destroyed in WW II. 
=590  \\$aSeperatdruck aus Librarium, Jg. 55, Heft 1 (Mai 2012)
=650  \0$1http://www.wikidata.org/entity/Q7075$aLibrary$94229
=650  \0$1http://www.wikidata.org/entity/Q87167$aManuscript$92275
=650  \0$aCollecting$1http://www.wikidata.org/entity/Q208165$92117
=651  \0$1http://www.wikidata.org/entity/Q72$aZürich (Switzerland)$921130
=942  \\$cBOO
=952  \\$00$10$2ddc$40$6BIB_4_000000000000000_CH_ZUR$70$8BIB$910925$aORPH$bORPH$cKTS0$d2020-07-08$eKoopman$i43A26$l0$oBIB4 CH.ZUR$p20127255$r2021-01-12 00:00:00$w2021-01-12$yBOO$OKoopman
=999  \\$d10938

