=LDR  00820aam a2200205   4500
=001  10939
=005  20251020163407.0
=008  251020s1997\\\\||||||||\||||\00|\0\ger\d
=020  \\$a9783795787080
=041  \\$ager
=100  \\$aSchneider, Norbert J.$4aut$913918
=245  \\$aKomponieren für Film und Fernsehen
=260  \\$aMainz$bSchott$c1997
=300  \\$a304 pages
=650  \0$aComposing$1http://www.wikidata.org/entity/Q92186587$1http://www.wikidata.org/entity/Q11895763$93076
=650  \0$aFilm$1http://www.wikidata.org/entity/Q11424$921409
=650  \0$aTelevision$1http://www.wikidata.org/entity/Q289$927283
=942  \\$cBOO
=952  \\$00$10$2ddc$40$6MTP_2_000000000000000_SCHNE$70$8MTP$910926$aORPH$bORPH$cKM12_1$d2020-07-08$eKoopman$i28D22$l0$oMTP2 SCHNE$p20123587$r2021-01-12 00:00:00$w2021-01-12$yBOO
=999  \\$d10939

