=LDR  00823    a2200193   4500
=001  10940
=008  211116s1970\\\\\\\|||||\||||\00|\0bdut\d
=041  \\$adut
=100  \\$aSchneider, P.$4aut$913919
=245  \\$aDe wereld van Watteau 1684-1721
=260  \\$aAmsterdam$bHet Parool$c1970
=490  \\$aParool/Life Bibliotheek der kunsten
=600  \0$aWatteau, Antoine$d1684-1721$1http://www.wikidata.org/entity/Q183221$913747
=648  \0$a18th Century (1701-1800)$1http://www.wikidata.org/entity/Q7015$920899
=650  \0$aFine art$1http://www.wikidata.org/entity/Q219625$921579
=651  \0$aFrance$1http://www.wikidata.org/entity/Q142$9131
=942  \\$cBOO
=952  \\$00$10$2ddc$40$6BIO_WATT_A$70$8BIO$910927$aORPH$bORPH$cKTS1_P$d2020-07-08$eKoopman$i35F27$oBIO WATT a$p20122465$r2021-01-12 00:00:00$w2021-01-12$yBOO
=999  \\$d10940

