=LDR  00604nam a22001817a 4500
=001  10941
=005  20231011125933.0
=008  930317s1992\\\\gw\\\\\\\\\\\\000\0\ger\\
=020  \\$a3379007439
=040  \\$aOI
=100  \\$aSchneider, Robert$d1961-$913920
=245  10$aSchlafes Bruder :$bRoman /$cRobert Schneider.
=250  \\$a2. Aufl.
=260  \\$aLeipzig :$bReclam-Verlag,$c1992.
=300  \\$a202 p. ;$c22 cm.
=942  \\$cBOO
=952  \\$00$10$2ddc$40$6LIT_SCHN_A$70$8LIT$910928$aORPH$bORPH$cKM12_2_H$d2020-07-08$eKoopman$i28D12$oLIT SCHN a$p20123597$r2021-01-12 00:00:00$w2021-01-12$yBOO
=999  \\$c10941$d10941

