=LDR  00679aam a2200169   4500
=001  10943
=008  230517s1937\\\\||||||||\||||\00|\1\dut\d
=041  \\$adut
=100  \\$aSchneiders, A. J.$913922$4edt
=245  \\$aDe spiegel der zaligheid van Elkerlijk
=260  \\$c1937
=648  \0$1http://www.wikidata.org/entity/Q12554$aMiddle Ages (500-1400)$920964
=650  \0$1http://www.wikidata.org/entity/Q8242$aLiterature$94439
=651  \0$1http://www.wikidata.org/entity/Q234$aFlanders (Belgium)$989
=942  \\$cBOO
=952  \\$00$10$2ddc$40$6LIT_SCHN_A$70$8LIT$910930$aORPH$bORPH$cKM12_2_H$d2020-07-08$eKoopman$i40F35$oLIT SCHN a$p20120223$r2021-01-12 00:00:00$w2021-01-12$yBOO
=999  \\$d10943

