=LDR  01388aam a2200241   4500
=001  10944
=008  210319s2011\\\\\\\ag|||\m|||\00|\0\ger\d
=041  \\$ager
=100  \\$aSchnieders, Hans$4aut$913923
=245  \\$aFingersätze für Tasteninstrumente aus dem Umfeld Sweelincks und seiner Schüler
=260  \\$aHeidelberg$bUniversität Heidelberg$c2011
=300  \\$a2 volumes
=500  \\$aInauguraldissertation zur Erlangung der Doktorwürde der Philosophischen Fakultät der Universität Heidelberg.
=600  \0$aSweelinck, Jan Pieterszoon$d1562-1621$1http://www.wikidata.org/entity/Q110294$911454
=648  \0$a16th Century (1501-1600)$1http://www.wikidata.org/entity/Q7017$920944
=648  \0$a17th Century (1601-1700)$1http://www.wikidata.org/entity/Q7016$920923
=650  \0$aKeyboard music$1http://www.wikidata.org/entity/Q105715630$921412
=650  \0$aFingering$1http://www.wikidata.org/entity/Q608487$921861
=651  \0$aNetherlands$1http://www.wikidata.org/entity/Q55$9173
=942  \\$cBOO
=952  \\$00$10$2ddc$3vol. 1$40$6BIO_SWEE1_E$70$8BIO$910931$aORPH$bORPH$cKTS1_P$d2020-07-08$eKoopman$i45G30$l1$oBIO SWEE1 e$p20127536$r2021-07-12 00:00:00$s2021-03-19$w2021-01-12$yBOO
=952  \\$00$10$2ddc$3vol. 2$40$6BIO_SWEE1_E$70$8BIO$910932$aORPH$bORPH$cKTS1_P$d2020-07-08$eKoopman$i45G30$l1$oBIO SWEE1 e$p20127535$r2021-07-12 00:00:00$s2021-03-19$w2021-01-12$yBOO
=999  \\$d10944

