=LDR  01126cam a2200241 i 4500
=001  10946
=005  20250120120329.0
=008  790313s1979\\\\nyuc\\\\\bi\\\001\0\eng\\
=020  \\$a0918728118
=040  \\$aOI
=100  \\$aSchnoebelen, Anne$910151
=245  10$aPadre Martini's collection of letters in the Civico museo bibliografico musicale in Bologna :$ban annotated index /$cAnne Schnoebelen.
=260  \\$aNew York :$bPendragon Press,$cc1979.
=300  \\$axix, 721 p. :$bport. ;$c29 cm.
=504  \\$aBibliography: p. xiii-xvii.
=500  \\$aIncludes indexes.
=600  \0$aMartini, Giovanni Battista$d1706-1784$1http://www.wikidata.org/entity/Q283651$95397
=610  \0$aCivico museo bibliografico musicale (Bologna, Italy)$91569
=710  \\$aCivico museo bibliografico musicale (Bologna, Italy)$91569
=942  \\$cBOO
=952  \\$00$10$2ddc$40$6BIO_MART1_C$70$8BIO$910933$aORPH$bORPH$cKTS1_P$d2020-07-08$eKoopman$i38E07$l0$oBIO MART1 c$p20120395$r2021-01-12 00:00:00$w2021-01-12$xAccompanied by a booklet with Koopman's index$yBOO$OKoopman
=999  \\$c10946$d10946
=490  \\$aAnnotated reference tools in music ;$vno. 2

