=LDR  00397    a2200121   4500
=001  10947
=020  \\$a3933652278
=100  \\$aSchnoor, Arndt$910895
=245  \\$aWilhelm Stahl (1872-1953)
=260  \\$c2007
=942  \\$cBOO
=952  \\$00$10$2ddc$40$6BIO_STAH_D$70$8BIO$910934$aORPH$bORPH$cKTS1_P$d2020-07-08$eKoopman$i35A43$l0$oBIO STAH d$p20122515$r2021-01-12 00:00:00$w2021-01-12$yBOO$OKoopman
=999  \\$c10947$d10947

