=LDR  00713    a2200181   4500
=001  10948
=008  211104s1950\\\\sz\g||||\||||\00|\0\ger\d
=041  \\$ager
=100  \\$aSchoch, Rudolf$4aut$913926
=245  \\$aNeue Blockflötenschule für den Einzel-, Gruppen- und Klassenunterricht.$bHeft I
=260  \\$c1950$aZurich$bHug & Co
=300  \\$a80 pages
=336  \\$aprinted
=650  \0$aRecorder$1http://www.wikidata.org/entity/Q187851$91903
=650  \0$aMethod$1http://www.wikidata.org/entity/Q2250960$921402
=942  \\$cBOO
=952  \\$00$10$2ddc$40$6INS_6_000000000000000_1C_SCHO$70$8INS$910935$aORPH$bORPH$cKTS0$d2020-07-08$eKoopman$i44B19$oINS6.1c SCHO$p20129733$r2021-01-12 00:00:00$w2021-01-12$yBOO
=999  \\$d10948

