=LDR  01512cam a2200265   4500
=001  10949
=005  20250925143259.0
=008  700810r19701947\\\acgo\\\\\\\001\0deng\|
=041  \\$aeng
=100  \\$aScholes, Percy A.$d1877-1958$4aut$1http://www.wikidata.org/entity/Q7167563$913927
=245  14$aThe Mirror of Music, 1844-1944:$bA Century of Musical Life in Britain as Reflected in the Pages of the Musical Times
=260  \\$aFreeport, NY$bBooks for Libraries Press$c1970
=300  \\$a2 vols. (xix-964 pages)$billustrations, music, portraits
=534  \\$aOriginally published in 1947
=648  \0$a19th Century (1801-1900)$1http://www.wikidata.org/entity/Q6955$920935
=648  \0$a20th Century (1901-2000)$1http://www.wikidata.org/entity/Q6927$920936
=650  \0$aMusic history$1http://www.wikidata.org/entity/Q846047$921373
=650  \0$aMusic criticism$1http://www.wikidata.org/entity/Q11748889$921598
=650  \0$aPerformance$1http://www.wikidata.org/entity/Q6942562$926223
=650  \0$aConcert$1http://www.wikidata.org/entity/Q182832$921044
=651  \0$aUnited Kingdom$1http://www.wikidata.org/entity/Q21$9273
=942  \\$cBOO
=952  \\$00$10$2ddc$3vol. I$40$6TOP_GB_6_000000000000000$70$8TOP$910936$aORPH$bORPH$cKTS0$d2020-07-08$eKoopman$i19E16$oTOP GB 6$p20127828$r2021-01-12 00:00:00$w2021-01-12$yBOO
=952  \\$00$10$2ddc$3vol. 2$40$6TOP_GB_6_000000000000000$70$8TOP$910937$aORPH$bORPH$cKTS0$d2020-07-08$eKoopman$i19E17$oTOP GB 6$p20127827$r2021-01-12 00:00:00$w2021-01-12$yBOO
=999  \\$d10949

