=LDR  01222aam a2200241   4500
=001  10951
=008  250606r19691934|||agf||\b|||\001\0deng\d
=041  \\$aeng
=100  \\$aScholes, Percy A.$d1877-1958$1http://www.wikidata.org/entity/Q7167563$913927$4aut
=245  \\$aThe Puritans and Music in England and New England:$bA Contribution to the Cultural History of Two Nations
=250  \\$areprint
=260  \\$aOxford$bClarendon$c1969
=300  \\$axxii-428 pages
=648  \0$a17th Century (1601-1700)$1http://www.wikidata.org/entity/Q7016$920923
=650  \0$aMusic history$1http://www.wikidata.org/entity/Q846047$921373
=650  \0$aProtestantism$1http://www.wikidata.org/entity/Q23540$921012
=650  \0$aPuritanism$1http://www.wikidata.org/entity/Q137073$940439
=650  \0$aCultural history$1http://www.wikidata.org/entity/Q858517$922395
=651  \0$aUnited Kingdom$1http://www.wikidata.org/entity/Q21$1http://www.wikidata.org/entity/Q145$9273
=651  \0$aUSA$1http://www.wikidata.org/entity/Q30$943
=942  \\$cBOO
=952  \\$00$10$2ddc$40$6TOP_GB_5_000000000000000$70$8TOP$910938$aORPH$bORPH$cKTS0$d2020-07-08$eKoopman$i30F35$l0$oTOP GB 5$p20123297$r2021-01-12 00:00:00$w2021-01-12$yBOO$OKoopman
=999  \\$d10951

