=LDR  00895    a2200181   4500
=001  10954
=008  210917s1953\\\\\\\|||||\||||\00|\0beng\d
=041  \\$aeng
=100  \\$aScholes, Percy A.$d1877-1958$4aut$1http://www.wikidata.org/entity/Q7167563$913927
=245  \\$aThe life and activities of Sir John Hawkins, musician, magistrate and friend of Johnson
=260  \\$aLondon$bOxford University Press$c1953
=600  \0$aHawkins, John$d1719-1789$1http://www.wikidata.org/entity/Q661076$95399
=648  \0$a18th Century (1701-1800)$1http://www.wikidata.org/entity/Q7015$920899
=650  \0$aBiography$1http://www.wikidata.org/entity/Q36279$91927
=651  \0$aUnited Kingdom$1http://www.wikidata.org/entity/Q21$9273
=942  \\$cBOO
=952  \\$00$10$2ddc$40$6BIO_HAWK_D$70$8BIO$910941$aORPH$bORPH$cKTS1_P$d2020-07-08$eKoopman$i32E37$oBIO HAWK d$p20122830$r2021-01-12 00:00:00$w2021-01-12$yBOO
=999  \\$d10954

