=LDR  01355nam a2200301 i 4500
=001  10955
=005  20250121142127.0
=008  801016s1980\\\\au\afg\\\b\\\\001\0bger\\
=020  \\$a3700302495
=040  \\$aOI
=041  \\$ager
=100  \\$aScholz-Michelitsch, Helga$913929$4aut
=245  10$aGeorg Christoph Wagenseil:$bHofkomponist und Hofklaviermeister der Kaiserin Maria Theresia
=260  \\$aVienna$bBraumüller$c1980
=300  \\$a109 p., [8] leaves of plates$bill., music$c21 cm
=500  \\$aIncludes index.
=504  \\$aBibliography: p. 100-104.
=600  \0$aWagenseil, Georg Christoph$d1715-1777$1http://www.wikidata.org/entity/Q79104$913930
=600  \0$aMaria Theresia$cEmpress of Austria$d1717-1780$1http://www.wikidata.org/entity/Q131706$913931
=648  \0$a18th Century (1701-1800)$1http://www.wikidata.org/entity/Q7015$920899
=650  \0$aComposer$1http://www.wikidata.org/entity/Q36834$93625
=650  \0$aMusic$92526
=650  \0$aMusic history$1http://www.wikidata.org/entity/Q846047$921373
=650  \0$aBiography$1http://www.wikidata.org/entity/Q36279$91927
=651  \0$aAustria$1http://www.wikidata.org/entity/Q40$9202
=942  \\$cBOO
=952  \\$00$10$2ddc$40$6BIO_WAGE_D$70$8BIO$910942$aORPH$bORPH$cKTS1_P$d2020-07-08$eKoopman$i23A17$oBIO WAGE d$p20128499$r2021-01-12 00:00:00$w2021-01-12$yBOO$OKoopman
=999  \\$d10955

