=LDR  00883pam a2200229 a 4500
=001  10957
=005  20250120120152.0
=008  850524s1985\\\\nyuac\\\\b\\\\001\0ceng\\
=020  \\$a081291189X :$c$24.95
=040  \\$aOI
=041  \\$aeng
=100  \\$aSchonberg, Harold C.$4aut$913933
=245  14$aThe glorious ones. Classical music's legendary performers
=260  \\$aNew York$bTimes Books$cc1985
=300  \\$axviii, 509 pages.$bill., ports. ;$c24 cm.
=500  \\$aIncludes index.
=504  \\$aBibliography: p. [485]-492.
=650  \0$aMusician$1http://www.wikidata.org/entity/Q639669$93574
=942  \\$cBOO$2ddc
=952  \\$00$10$2ddc$40$6MTP_2_000000000000000_SCHO$70$8MTP$910944$aORPH$bORPH$cKM12_1$d2020-07-08$eKoopman$i34B07$l0$oMTP 2 SCHO$p20122610$r2021-01-12 00:00:00$w2021-01-12$yBOO
=999  \\$c10957$d10957
=650  \0$aBiography$1http://www.wikidata.org/entity/Q36279$91927

