=LDR  00370    a2200109   4500
=001  10958
=100  \\$aSchönberger, A.$913934
=245  \\$aGermanisches Nationalmuseum
=260  \\$c1971
=942  \\$cBOO
=952  \\$00$10$2ddc$40$6VIS_SCHO$70$8VIS$910945$aORPH$bORPH$cKTS1_H$d2020-07-08$eKoopman$i24E54$l0$oVIS SCHO$p20125896$r2021-01-12 00:00:00$w2021-01-12$yBOO$OKoopman
=999  \\$c10958$d10958

