=LDR  01007    a2200205   4500
=001  10960
=008  220106r\\\\1905\\\a||||\||||\00|\0\dut\d
=041  \\$adut
=100  \\$aSchotel, Gilles Dionysius Jacobus$d1807-1892$4aut$97080
=245  \\$aHet maatschappelijk leven onzer vaderen in de zeventiende eeuw
=250  \\$a2nd rev. ed.
=260  \\$aAmsterdam$bStrengholt$aArnhem$bGijsbers & Van Loon$c1905
=300  \\$a453 pages
=590  \\$abeschreven door Dr. G. D. J. Schotel. Tweede, verbeterde en geïllustreerde uitgave door Dr. H. C. Rogge, Oud-Hoogleeraar aan de Universiteit te Amsterdam
=648  \0$a17th Century (1601-1700)$1http://www.wikidata.org/entity/Q7016$920923
=650  \0$aCuckoo$1http://www.wikidata.org/entity/Q18845$922474
=651  \0$aNetherlands$1http://www.wikidata.org/entity/Q55$9173
=942  \\$cBOO
=952  \\$00$10$2ddc$40$6TOP_NL_5_000000000000000$70$8TOP$910947$aORPH$bORPH$cKTS0$d2020-07-08$eKoopman$i44A05$oTOP NL 5$p20126743$r2021-01-12 00:00:00$w2021-01-12$yBOO
=999  \\$d10960

