=LDR  00949nam a2200229   4500
=001  10961
=005  20251103124736.0
=008  710128s1971\\\\-ukag\\\\b\\\\001\0\eng\\
=041  \\$aeng
=100  \\$aSchott, Howard$4aut$913937
=245  10$aPlaying the Harpsichord
=260  \\$aLondon$bFaber and Faber$c1971
=300  \\$a223 pages$billus., music.$c22 cm.
=350  \\$a£2.75
=504  \\$aIncludes bibliographical references.
=650  \0$aHarpsichord$1http://www.wikidata.org/entity/Q81982$92125
=650  \0$aMusical interpretation$1http://www.wikidata.org/entity/Q1668139$94533
=650  \0$aMethod$1http://www.wikidata.org/entity/Q2250960$921402
=650  \0$aKeyboard instrument$1http://www.wikidata.org/entity/Q52954$92849
=942  \\$cBOO
=952  \\$00$10$2ddc$40$6INS_3_000000000000000_2D_SCOT$70$8INS$910948$aORPH$bORPH$cKTS0$d2020-07-08$eKoopman$i30F15$l0$oINS3.2d SCOT$p20123315$r2021-01-12 00:00:00$w2021-01-12$yBOO$OKoopman
=999  \\$d10961

