=LDR  00746    a2200181   4500
=001  10963
=008  220623|\\\\\\\\nl\f||||\||||\00|\0\dut\d
=041  \\$adut
=100  \\$aSchouten, Hennie$d1900-1970$4aut$1http://www.wikidata.org/entity/Q2417851$98153
=245  \\$aOnze oude orgels
=260  \\$c1939$aBaarn$bBosch & Keuning
=300  \\$a48 pages
=650  \0$aOrgan$1http://www.wikidata.org/entity/Q1444$92810
=650  \0$aOrganology$1http://www.wikidata.org/entity/Q899293$921400
=651  \0$aNetherlands$1http://www.wikidata.org/entity/Q55$9173
=942  \\$cBOO
=952  \\$00$10$2ddc$40$6INS_3_000000000000000_1A_NL$70$8INS$910950$aORPH$bORPH$cKTS0$d2020-07-08$eKoopman$i42G08$oINS3.1a NL$p20120040$r2021-01-12 00:00:00$w2021-01-12$yBOO
=999  \\$d10963

