=LDR  00491    a2200133   4500
=001  10964
=020  \\$a9789081802802
=100  \\$aSchouwenburg, N. van$4aut$913939
=245  \\$aOoit gehoord?$bWat u niet wist van oude muziek. Met lees- en luistertips.
=260  \\$c2012
=300  \\$a87 pages
=942  \\$cBOO
=952  \\$00$10$2ddc$40$6MTP_2_000000000000000_SCHO$70$8MTP$910951$aORPH$bORPH$cKM12_1$d2020-07-08$eKoopman$i22F27$l0$oMTP 2 SCHO$p20128825$r2021-01-12 00:00:00$w2021-01-12$yBOO
=999  \\$c10964$d10964

