=LDR  01312aam a2200289 i 4500
=001  10967
=005  20250925143259.0
=008  171122s2015\\\\bl\a\\\\\\\\\\000\0bdut\\
=020  \\$a9788566470697
=040  \\$aOI
=041  \\$adut
=100  \\$aSchra, E.$927412$4aut
=245  \\$aHerman van Veen:$cPortret van een veelzijdig kunstenaar
=260  \\$aAmsterdam$bNieuw Amsterdam Uitgevers$c2015
=264  \1$a[Porto Alegre, RS?] :$bEdelbra,$c2015.
=490  0\$aColeção Vida em pedac̜os
=600  \0$aVeen, Herman van$d1945-$1http://www.wikidata.org/entity/Q503717$921782
=648  \0$a20th Century (1901-2000)$1http://www.wikidata.org/entity/Q6927$920936
=648  \0$a21st Century (2001-2100)$1http://www.wikidata.org/entity/Q6939$920812
=650  \0$aSinger$1http://www.wikidata.org/entity/Q177220$93915
=650  \0$aPopular music$1http://www.wikidata.org/entity/Q373342$922015
=650  \0$aPublishing$1http://www.wikidata.org/entity/Q3972943$93049
=650  \0$aBiography$1http://www.wikidata.org/entity/Q36279$91927
=651  \0$aNetherlands$1http://www.wikidata.org/entity/Q55$9173
=942  \\$cBOO
=952  \\$00$10$2ddc$40$6BIO_VEEN_B$70$8BIO$910954$aORPH$bORPH$cKTS1_P$d2020-07-08$eKoopman$i47E39$l1$oBIO VEEN b$p20123827$r2024-06-03 00:00:00$s2024-01-31$w2021-01-12$yBOO$OKoopman
=999  \\$d10967

