=LDR  00808aam a2200181   4500
=001  10968
=008  210624s1968\\\\\\\|||||\||||\00|\0\ger\d
=041  \\$ager
=100  \\$aSchrade, Leo$4aut$916214
=245  \\$aDie Handschriftliche Überlieferung der ältesten Instrumentalmusik
=260  \\$aTutzing$bSchneider$c1968
=648  \0$aMiddle Ages (500-1400)$1http://www.wikidata.org/entity/Q12554$920964
=650  \0$aInstrumental music$1http://www.wikidata.org/entity/Q639197$92106
=650  \0$aNotation$1http://www.wikidata.org/entity/Q233861$91964
=650  \0$aMusic history$1http://www.wikidata.org/entity/Q846047$921373
=942  \\$cBOO
=952  \\$00$10$2ddc$40$6GHM_3_000000000000000$70$8GHM$910955$aORPH$bORPH$cKM12_1$d2020-07-08$eKoopman$i19B42$oGHM3$p20125078$r2021-01-12 00:00:00$w2021-01-12$yBOO
=999  \\$d10968

