=LDR  01511cam a2200349 a 4500
=001  10969
=005  20250121142127.0
=008  020301s2001\\\\gw\ag\\\\b\\\\000\0bger\c
=010  \\$a  2003397629
=020  \\$a3761813589 (Bärenreiter)
=020  \\$z8870962587 (LIM Editrice)
=020  \\$a8870962857 (LIM : pbk.)
=035  \\$a(OCoLC)ocm49219727
=040  \\$aKOM$cKOM$dOHX$dDLC
=042  \\$apcc
=043  \\$ae-it---
=072  \7$aML$2lcco
=100  \\$aSchrammek, Bernhard$913943
=245  10$aZwischen Kirche und Karneval :$bBiographie, soziales Umfeld und Werk des römischen Kapellmeisters Virgilio Mazzocchi (1597-1646) /$cBernhard Schrammek.
=260  \\$aKassel ;$aNew York :$bBärenreiter ;$aLucca :$bLIM Editrice,$cc2001.
=300  \\$a398 p. :$bill., music ;$c21 cm.
=504  \\$aIncludes bibliographical references (p. [380]-398).
=600  \0$aMazzocchi, Virgilio$d1597-1646$1http://www.wikidata.org/entity/Q375733$913944
=650  \0$aComposer$1http://www.wikidata.org/entity/Q36834$93625
=650  \0$aMusic$92062
=942  \\$cBOO
=952  \\$00$10$2ddc$40$6BIO_MAZZ_D$70$8BIO$910956$aORPH$bORPH$cKTS1_P$d2020-07-08$eKoopman$i28B45$oBIO MAZZ d$p20121461$r2021-01-12 00:00:00$w2021-01-12$yBOO$OKoopman
=999  \\$c10969$d10969
=490  \\$aMusiksoziologie ;$vBd. 9
=651  \0$aItaly$1http://www.wikidata.org/entity/Q38$922
=648  \0$a18th Century (1701-1800)$1http://www.wikidata.org/entity/Q7015$920899
=650  \0$aMusic history$1http://www.wikidata.org/entity/Q846047$921373

