=LDR  01394cam a22002651  4500
=001  10970
=008  870828r19781938gw\d\\\\\\\\m\000\0\ger\\
=041  \\$ager
=100  \\$aSchreiber, Ottmar$d1906-1984$1http://www.wikidata.org/entity/Q55675602$4aut$913945
=245  10$aOrchester und Orchesterpraxis in Deutschland zwischen 1780 und 1850
=250  \\$aFacsimile Reprint of the 1938 first edition
=260  \\$aHildesheim$bOlms$c1978
=300  \\$a322 pages
=490  \\$aNeue deutsche Forschungen$v177
=590  \\$aInaugural-Dissertation zur Erlangung der Doktorwürde genehmigt von der Philosophischen Fakultät der Friedrich-Wilhelms-Universität zu Berlin
=648  \0$a18th Century (1701-1800)$1http://www.wikidata.org/entity/Q7015$920899
=648  \0$a19th Century (1801-1900)$1http://www.wikidata.org/entity/Q6955$920935
=650  \0$aMusic history$1http://www.wikidata.org/entity/Q846047$921373
=650  \0$aOrchestra$1http://www.wikidata.org/entity/Q42998$93159
=650  \0$aOrchestral music$1http://www.wikidata.org/entity/Q3328774$924356
=650  \0$aPerformance$1http://www.wikidata.org/entity/Q6942562$926223
=651  \0$aGermany$1http://www.wikidata.org/entity/Q183$9155
=942  \\$cDIS
=952  \\$00$10$2ddc$40$6TOP_DE_5_000000000000000$70$8TOP$910957$aORPH$bORPH$cKTS0$d2020-07-08$eKoopman$i22D51$l0$oTOP DE 5$p20128429$r2021-01-12 00:00:00$w2021-01-12$yDIS
=999  \\$d10970

