=LDR  01213    a2200241   4500
=001  10973
=005  20251003085458.0
=008  211206s1998\\\\\\\|||||\||||\00|\0\dut\d
=020  \\$a9068531328
=041  \\$adut
=245  \\$aDe Staten van Goederen uit 1787 als muziekhistorische bron voor het muziekleven in Vlaamse kapittelkerken in de Oostenrijkse Nederlanden
=260  \\$aLeuven$bAlamire$c1998
=300  \\$a2 vols.
=648  \0$a18th Century (1701-1800)$1http://www.wikidata.org/entity/Q7015$920899
=650  \0$aMusic history$1http://www.wikidata.org/entity/Q846047$921373
=650  \0$aCatalogue$1http://www.wikidata.org/entity/Q2352616$921484
=651  \0$aFlanders (Belgium)$1http://www.wikidata.org/entity/Q234$989
=700  \\$4aut$aSchreurs, Eugeen$915924
=700  \\$4aut$aBouckaert, Bruno$914714
=942  \\$cBOO
=952  \\$00$10$2ddc$3vol. 1$40$6TOP_BE_FLA_5_000000000000000$70$8TOP$910960$aORPH$bORPH$cKTS0$d2020-07-08$eKoopman$i23C08$oTOP BE.FLA 5$p20128584$r2021-01-12 00:00:00$w2021-01-12$yBOO
=952  \\$00$10$2ddc$3vol. 2$40$6TOP_BE_FLA_5_000000000000000$70$8TOP$910961$aORPH$bORPH$cKTS0$d2020-07-08$eKoopman$i23C08$oTOP BE.FLA 5$p20128583$r2021-01-12 00:00:00$w2021-01-12$yBOO
=999  \\$d10973

