=LDR  01344aam a2200253   4500
=001  10976
=008  220819s1980\\\\||||||||\||||\00|\0bdut\d
=041  \\$adut
=100  \\$aSchreurs, Eugeen$4aut$915924
=245  \\$aAlphonse D'Eve, kapelmeester te Antwerpen en komponist (1666-1727)
=260  \\$aLeuven$bKatholieke Universiteit Leuven$c1980
=500  \\$aPhD dissertation
=600  \0$ad'Ève, Alphonse$d1666-1727$1http://www.wikidata.org/entity/Q3612976$924698
=648  \0$a17th Century (1601-1700)$1http://www.wikidata.org/entity/Q7016$920923
=648  \0$a18th Century (1701-1800)$1http://www.wikidata.org/entity/Q7015$920899
=650  \0$aComposer$1http://www.wikidata.org/entity/Q36834$93625
=650  \0$aConductor$1http://www.wikidata.org/entity/Q158852$93134
=650  \0$aCappella$1http://www.wikidata.org/entity/Q19902156$922910
=650  \0$aBiography$1http://www.wikidata.org/entity/Q36279$91927
=651  \0$aAntwerp (Belgium)$1http://www.wikidata.org/entity/Q12892$920974
=942  \\$cBOO
=952  \\$00$10$2ddc$40$6BIO_DEVE_D$70$8BIO$910963$aORPH$bORPH$cKTS1_P$d2020-07-08$eKoopman$i41E23-1$oBIO DEVE d$p20130253$r2021-01-12 00:00:00$w2021-01-12$yBOO
=952  \\$00$10$2ddc$40$6BIO_DEVE_D$70$8BIO$910964$aORPH$bORPH$cKTS1_P$d2020-07-08$eKoopman$i41E23-2$oBIO DEVE d$p20130254$r2021-01-12 00:00:00$w2021-01-12$yBOO
=999  \\$d10976

