=LDR  00392    a2200121   4500
=001  10978
=020  \\$a9789040082665
=100  \\$aSchriemer, I. A.$913951
=245  \\$aEngelen in de kunst
=260  \\$c2006
=942  \\$cBOO
=952  \\$00$10$2ddc$40$6VIS_SCHR$70$8VIS$910965$aORPH$bORPH$cKTS1_H$d2020-07-08$eKoopman$i33E69$l0$oVIS SCHR$p20120922$r2021-01-12 00:00:00$w2021-01-12$yBOO$OKoopman
=999  \\$c10978$d10978

