=LDR  01549cam a22002894a 4500
=001  10979
=005  20250120120230.0
=008  040706s2004\\\\ne\a\\\\\b\\\\001\0\dut\\
=020  \\$a9057302594
=040  \\$aOI
=041  0\$adut$beng
=100  \\$aSchriks, C. F. J.$913952
=245  14$aHet kopijrecht, 16de tot 19de eeuw.$bAanleidingen tot en gevolgen van boekprivileges en boekhandelsusanties, kopijrecht, verordeningen, boekenwetten en rechtspraak in het privaat-, publiek- en staatsdomein in de Nederlanden, met globale analoge ontwikkelingen in Frankrijk, Groot-Brittannië en het Heilig Roomse Rijk
=260  \\$aZutphen$bWalburg Pers$bKluwer$c2004
=300  \\$a768 pages$bill.$c25 cm.
=490  \\$aMeesters in de rechtsgeschiedenis$v1
=500  \\$aOriginally presented as the author's thesis (doctoral)--Universiteit Leiden, 2004.
=504  \\$aIncludes bibliographical references (p. [725]-756) and index.
=546  \\$aSummary in English.
=590  \\$aVoorzien van een uitvoerige summary in een vertaling van mr. Claudette van Caubergh.
=650  \0$aCopyright$1http://www.wikidata.org/entity/Q1297822$94293
=650  \0$aPrinting$1http://www.wikidata.org/entity/Q11034$921936
=650  \0$aPublishing$1http://www.wikidata.org/entity/Q3972943$93049
=651  \0$aNetherlands$1http://www.wikidata.org/entity/Q55$9173
=942  \\$cBOO
=952  \\$00$10$2ddc$40$6BIB_2_000000000000000_SCHR$70$8BIB$910966$aORPH$bORPH$cKTS0$d2020-07-08$eKoopman$i38B02$l0$oBIB2 SCHR$p20120477$r2021-01-12 00:00:00$w2021-01-12$yBOO$OKoopman
=999  \\$d10979

