=LDR  01328cam a2200277 a 4500
=001  10980
=005  20250121142127.0
=008  981014s1998\\\\gw\ag\\\\b\\\\001\0\ger\d
=020  \\$a3525279000
=040  \\$aOI
=041  \\$ager
=100  \\$aSchröder, Dorothea$4aut$912639
=245  10$aZeitgeschichte auf der Opernbühne:$bbarockes Musiktheater in Hamburg im Dienst von Politik und Diplomatie (1690-1745)
=260  \\$aGöttingen$bVandenhoeck & Ruprecht$c1998
=300  \\$axi-366 pages$bill., music ;$c25 cm.
=490  \\$aAbhandlungen zur Musikgeschichte$v2
=500  \\$aOriginally presented as the author's Habilitationsschrift--Universität Hamburg, 1996.
=504  \\$aIncludes bibliographical references (p. [309]-318) and index.
=648  \0$a17th Century (1601-1700)$1http://www.wikidata.org/entity/Q7016$920923
=648  \0$a18th Century (1701-1800)$1http://www.wikidata.org/entity/Q7015$920899
=650  \0$aOpera$1http://www.wikidata.org/entity/Q1344$92468
=650  \0$aPolitics$1http://www.wikidata.org/entity/Q7163$921826
=651  \0$aHamburg (Germany)$1http://www.wikidata.org/entity/Q1055$921940
=942  \\$cBOO
=952  \\$00$10$2ddc$40$6TOP_DE_HAM_5_000000000000000$70$8TOP$910967$aORPH$bORPH$cKTS0$d2020-07-08$eKoopman$i42F15$oTOP DE.HAM 5$p20121999$r2021-01-12 00:00:00$w2021-01-12$yBOO
=999  \\$d10980

