=LDR  00852aam a2200181   4500
=001  10982
=008  230822s1954\\\\||||||||\||||\00|\0\ger\d
=041  \\$ager
=100  \\$aSchröder, Inge-Maria$913954$4aut
=245  \\$aDie Responsorienvertonungen des Balthasar Resinarius
=260  \\$c1954$aKassel$bBärenreiter
=300  \\$a87 pages
=500  \\$aBalthasar Resinarius (born Balthasar Harzer; c.1483-1544) was a German composer, and a Lutheran bishop, one of the first Lutherans in Bohemia.
=600  10$1http://www.wikidata.org/entity/Q805644$aResinarius, Balthasar$dc.1485-1544$926444
=650  \0$1http://www.wikidata.org/entity/Q8812109$aChurch music$92283
=942  \\$cBOO
=952  \\$00$10$2ddc$40$6BIO_RESI_E$70$8BIO$910969$aORPH$bORPH$cKTS1_P$d2020-07-08$eKoopman$i23G27$oBIO RESI e$p20125754$r2021-01-12 00:00:00$w2021-01-12$yBOO$OKoopman
=999  \\$d10982

