=LDR  00894    a2200205   4500
=001  10985
=005  20251001162312.0
=008  210702s1977\\\\\\\|||||\||||\00|\0\ger\d
=024  \\$2Lizenznummer (DDR)$a363.340/120/77
=041  \\$ager
=100  \\$aSchubart, Christian Friedrich Daniel$d1739-1791$4aut$1http://www.wikidata.org/entity/Q61251$97469
=245  \\$aIdeen zu einer Ästhetik der Tonkunst
=260  \\$c1977$aLeipzig$bReclam
=300  \\$a323 pages
=534  \\$aOriginally published in 1806, but written in the 1780s
=648  \0$a18th Century (1701-1800)$1http://www.wikidata.org/entity/Q7015$920899
=650  \0$aMusic philosophy and aesthetics$1http://www.wikidata.org/entity/Q2092865$921165
=942  \\$cBOO
=952  \\$00$10$2ddc$40$6AES_SCHU$70$8AES$910972$aORPH$bORPH$cKM12_1$d2020-07-08$eKoopman$i38D30$l0$oAES SCHU$p20122375$r2021-01-12 00:00:00$w2021-01-12$yBOO
=999  \\$c10985$d10985

